@Article{abramoff2004image,
  Title                    = {Image processing with ImageJ},
  Author                   = {Abr{\`a}moff, Michael D and Magalh{\~a}es, Paulo J and Ram, Sunanda J},
  Journal                  = {Biophotonics international},
  Year                     = {2004},
  Number                   = {7},
  Pages                    = {36--43},
  Volume                   = {11},

  Publisher                = {LAURIN},
File                     = {:abramoff2004image.pdf:PDF}
}

@Article{agam2005vessel,
  Title                    = {Vessel tree reconstruction in thoracic CT scans with application to nodule detection},
  Author                   = {Agam, Gady and Armato III, Samuel G and Wu, Changhua},
  Journal                  = {Medical Imaging, IEEE Transactions on},
  Year                     = {2005},
  Number                   = {4},
  Pages                    = {486--499},
  Volume                   = {24},
  File                     = {:agam2005vessel.pdf:PDF},
  Publisher                = {IEEE}
}

@Article{aibinu2010vascular,
  Title                    = {Vascular intersection detection in retina fundus images using a new hybrid approach},
  Author                   = {Aibinu, Abiodun Musa and Iqbal, Muhammad Imran and Shafie, Amir Akramin and Salami, Momoh Jimoh Emiyoka and Nilsson, Mikael},
  Journal                  = {Computers in Biology and Medicine},
  Year                     = {2010},
  Number                   = {1},
  Pages                    = {81--89},
  Volume                   = {40},

  File                     = {:aibinu2010vascular.pdf:PDF},
  Publisher                = {Elsevier}
}

@Article{al2008improved,
  Title                    = {Improved detection of branching points in algorithms for automated neuron tracing from 3D confocal images},
  Author                   = {Al-Kofahi, Yousef and Dowell-Mesfin, Natalie and Pace, Christopher and Shain, William and Turner, James N and Roysam, Badrinath},
  Journal                  = {Cytometry Part A},
  Year                     = {2008},
  Number                   = {1},
  Pages                    = {36--43},
  Volume                   = {73},

  File                     = {:al2008improved.pdf:PDF},
  Publisher                = {Wiley Online Library}
}

@Article{aoki2011theoretical,
  Title                    = {A theoretical analysis of Bayes-optimal multi-target tracking and labelling},
  Author                   = {Aoki, Edson Hiroshi and Bagchi, Arunabha and Mandal, PK and Boers, Yvo},
  Year                     = {2011},

  File                     = {:aoki2011theoretical.pdf:PDF},
  Publisher                = {Department of Applied Mathematics, University of Twente}
}

@InProceedings{azzopardi2011detection,
  Title                    = {Detection of retinal vascular bifurcations by trainable V4-like filters},
  Author                   = {Azzopardi, George and Petkov, Nicolai},
  Booktitle                = {Computer Analysis of Images and Patterns},
  Year                     = {2011},
  Organization             = {Springer},
  Pages                    = {451--459},

  File                     = {:azzopardi2011detection.pdf:PDF}
}

@InProceedings{baboiu2012vascular,
  Title                    = {Vascular bifurcation detection in scale-space},
  Author                   = {Baboiu, D and Hamarneh, Ghassan},
  Booktitle                = {Mathematical Methods in Biomedical Image Analysis (MMBIA), 2012 IEEE Workshop on},
  Year                     = {2012},
  Organization             = {IEEE},
  Pages                    = {41--46}
}

@Article{ballard1981generalizing,
  Title                    = {Generalizing the Hough transform to detect arbitrary shapes},
  Author                   = {Ballard, Dana H},
  Journal                  = {Pattern recognition},
  Year                     = {1981},
  Number                   = {2},
  Pages                    = {111--122},
  Volume                   = {13},

  Publisher                = {Elsevier}
}

@InProceedings{barrett2001houghing,
  Title                    = {Houghing the hough: Peak collection for detection of corners, junctions and line intersections},
  Author                   = {Barrett, William A and Petersen, Kevin D},
  Booktitle                = {Computer Vision and Pattern Recognition, 2001. CVPR 2001. Proceedings of the 2001 IEEE Computer Society Conference on},
  Year                     = {2001},
  Organization             = {IEEE},
  Pages                    = {II--302},
  Volume                   = {2},
  File                     = {:barrett2001houghing.pdf:PDF}
}

@Article{bas2011principal,
  Title                    = {Principal Curves as Skeletons of Tubular Objects},
  Author                   = {Bas, Erhan and Erdogmus, Deniz},
  Journal                  = {Neuroinformatics},
  Year                     = {2011},
  Number                   = {2-3},
  Pages                    = {181--191},
  Volume                   = {9},
  Publisher                = {Springer},
  File                     = {:bas2011principal.pdf:PDF}
}

@InProceedings{bas2011ridge,
  Title                    = {A ridge scorewith application to piecewise linear neural reconstruction},
  Author                   = {Bas, Erhan and Erdogmus, Deniz},
  Booktitle                = {Biomedical Imaging: From Nano to Macro, 2011 IEEE International Symposium on},
  Year                     = {2011},
  Organization             = {IEEE},
  Pages                    = {1341--1344}
}

@InProceedings{basu2011path2path,
  Title                    = {Path2Path: hierarchical Path-Based analysis for neuron matching},
  Author                   = {Basu, Saurav and Condron, Barry and Acton, Scott T},
  Booktitle                = {Biomedical Imaging: From Nano to Macro, 2011 IEEE International Symposium on},
  Year                     = {2011},
  Organization             = {IEEE},
  Pages                    = {996--999},

  File                     = {:basu2011path2path.pdf:PDF}
}

@Article{bauernovel,
  Title                    = {A Novel Approach for Detection of Tubular Objects and Its Application to Medical Image Analysis},
  Author                   = {Bauer, Christian and Bischof, Horst},

  File                     = {:bauernovel.pdf:PDF}
}

@InCollection{behrens2001segmentation,
  Title                    = {Segmentation of tubular structures in 3d images using a combination of the hough transform and a kalman filter},
  Author                   = {Behrens, Thorsten and Rohr, Karl and Stiehl, H Siegfried},
  Booktitle                = {Pattern Recognition},
  Publisher                = {Springer},
  Year                     = {2001},
  Pages                    = {406--413}
}

@Article{berens2009circstat,
  Title                    = {CircStat: a MATLAB toolbox for circular statistics},
  Author                   = {Berens, Philipp},
  Journal                  = {Journal of Statistical Software},
  Year                     = {2009},
  Number                   = {10},
  Pages                    = {1--21},
  Volume                   = {31},

  Publisher                = {American Statistical Association}
}

@InProceedings{bevilacqua2005combined,
  Title                    = {A combined method to detect retinal fundus features},
  Author                   = {Bevilacqua, V and Camb{\`o}, S and Cariello, L and Mastronardi, G},
  Booktitle                = {Proceedings of IEEE European Conference on Emergent Aspects in Clinical Data Analysis},
  Year                     = {2005},

  File                     = {:bevilacqua2005combined.pdf:PDF}
}

@InProceedings{beymer1991finding,
  Title                    = {Finding junctions using the image gradient},
  Author                   = {Beymer, David J},
  Booktitle                = {Computer Vision and Pattern Recognition, 1991. Proceedings CVPR'91., IEEE Computer Society Conference on},
  Year                     = {1991},
  Organization             = {IEEE},
  Pages                    = {720--721}
}

@InProceedings{bhuiyan2007automatic,
  Title                    = {Automatic detection of vascular bifurcations and crossovers from color retinal fundus images},
  Author                   = {Bhuiyan, Alauddin and Nath, Baikunth and Chua, Joselito and Ramamohanarao, Kotagiri},
  Booktitle                = {Signal-Image Technologies and Internet-Based System, 2007. SITIS'07. Third International IEEE Conference on},
  Year                     = {2007},
  Organization             = {IEEE},
  Pages                    = {711--718},

  File                     = {:bhuiyan2007automatic.pdf:PDF}
}

@Article{bonneau2005single,
  Title                    = {Single quantum dot tracking based on perceptual grouping using minimal paths in a spatiotemporal volume},
  Author                   = {Bonneau, St{\'e}phane and Dahan, Maxime and Cohen, Laurent D},
  Journal                  = {Image Processing, IEEE Transactions on},
  Year                     = {2005},
  Number                   = {9},
  Pages                    = {1384--1395},
  Volume                   = {14},

  File                     = {:bonneau2005single.pdf:PDF},
  Publisher                = {IEEE}
}

@Article{brown2011diadem,
  Title                    = {The DIADEM data sets: representative light microscopy images of neuronal morphology to advance automation of digital reconstructions},
  Author                   = {Brown, Kerry M and Barrionuevo, Germ{\'a}n and Canty, Alison J and De Paola, Vincenzo and Hirsch, Judith A and Jefferis, Gregory SXE and Lu, Ju and Snippe, Marjolein and Sugihara, Izumi and Ascoli, Giorgio A},
  Journal                  = {Neuroinformatics},
  Year                     = {2011},
  Number                   = {2-3},
  Pages                    = {143--157},
  Volume                   = {9},
  Publisher                = {Springer},
  File                     = {:brown2011diadem.pdf:PDF}
}

@Article{calvo2011automatic,
  Title                    = {Automatic detection and characterisation of retinal vessel tree bifurcations and crossovers in eye fundus images},
  Author                   = {Calvo, David and Ortega, Marcos and Penedo, Manuel G and Rouco, Jose},
  Journal                  = {Computer methods and programs in biomedicine},
  Year                     = {2011},
  Number                   = {1},
  Pages                    = {28--38},
  Volume                   = {103},

  Publisher                = {Elsevier}
}

@Article{can1999rapid,
  Title                    = {Rapid automated tracing and feature extraction from retinal fundus images using direct exploratory algorithms},
  Author                   = {Can, Ali and Shen, Hong and Turner, James N and Tanenbaum, Howard L and Roysam, Badrinath},
  Journal                  = {Information Technology in Biomedicine, IEEE Transactions on},
  Year                     = {1999},
  Number                   = {2},
  Pages                    = {125--138},
  Volume                   = {3},

  File                     = {:can1999rapid.pdf:PDF},
  Publisher                = {IEEE}
}

@Article{candy2007bootstrap,
  Title                    = {Bootstrap particle filtering},
  Author                   = {Candy, James V},
  Journal                  = {Signal Processing Magazine, IEEE},
  Year                     = {2007},
  Number                   = {4},
  Pages                    = {73--85},
  Volume                   = {24},

  Publisher                = {IEEE}
}

@Article{cazorla2002junction,
  Title                    = {Junction detection and grouping with probabilistic edge models and Bayesian A∗},
  Author                   = {Cazorla, Miguel and Escolano, Francisco and Gallardo, Domingo and Rizo, Ram{\'o}n},
  Journal                  = {Pattern Recognition},
  Year                     = {2002},
  Number                   = {9},
  Pages                    = {1869--1881},
  Volume                   = {35},

  File                     = {:cazorla2002junction.pdf:PDF},
  Publisher                = {Elsevier}
}

@InProceedings{cetingiil2008nonlinear,
  Title                    = {Nonlinear filtering for extracting orientation and tracing tubular structures in 2-D medical images},
  Author                   = {Cetingiil, HE and Vidal, Ren{\'e} and Plank, Gernot and Trayanova, Natalia},
  Booktitle                = {Biomedical Imaging: From Nano to Macro, 2008. ISBI 2008. 5th IEEE International Symposium on},
  Year                     = {2008},
  Organization             = {IEEE},
  Pages                    = {260--263},

  File                     = {:cetingiil2008nonlinear.pdf:PDF}
}

@Article{chan1998adaptive,
  Title                    = {Adaptive thresholding by variational method},
  Author                   = {Chan, Francis HY and Lam, Francis K and Zhu, Hui},
  Journal                  = {Image Processing, IEEE Transactions on},
  Year                     = {1998},
  Number                   = {3},
  Pages                    = {468--473},
  Volume                   = {7},

  Publisher                = {IEEE}
}

@Article{cheng1995mean,
  Title                    = {Mean shift, mode seeking, and clustering},
  Author                   = {Cheng, Yizong},
  Journal                  = {Pattern Analysis and Machine Intelligence, IEEE Transactions on},
  Year                     = {1995},
  Number                   = {8},
  Pages                    = {790--799},
  Volume                   = {17},
  Publisher                = {IEEE},
  File                     = {:cheng1995mean.pdf:PDF}
}

@Article{choromanska2012automatic,
  Title                    = {Automatic reconstruction of neural morphologies with multi-scale tracking},
  Author                   = {Choromanska, Anna and Chang, Shih-Fu and Yuste, Rafael},
  Journal                  = {Frontiers in neural circuits},
  Year                     = {2012},
  Volume                   = {6},
  Publisher                = {Frontiers Media SA},
  File                     = {:choromanska2012automatic.pdf:PDF}
}

@Article{chothani2011automated,
  Title                    = {Automated tracing of neurites from light microscopy stacks of images},
  Author                   = {Chothani, Paarth and Mehta, Vivek and Stepanyants, Armen},
  Journal                  = {Neuroinformatics},
  Year                     = {2011},
  Number                   = {2-3},
  Pages                    = {263--278},
  Volume                   = {9},
  Publisher                = {Springer},
  File                     = {:chothani2011automated.pdf:PDF}
}

@Article{criminisi2013regression,
  Title                    = {Regression forests for efficient anatomy detection and localization in computed tomography scans},
  Author                   = {Criminisi, A and Robertson, D and Konukoglu, E and Shotton, J and Pathak, S and White, S and Siddiqui, K},
  Journal                  = {Medical image analysis},
  Year                     = {2013},
  Number                   = {8},
  Pages                    = {1293--1303},
  Volume                   = {17},

  Publisher                = {Elsevier}
}

@Article{deschenes2000detection,
  Title                    = {Detection of line junctions and line terminations using curvilinear features},
  Author                   = {Desch{\^e}nes, Fran{\c{c}}ois and Ziou, Djemel},
  Journal                  = {Pattern Recognition Letters},
  Year                     = {2000},
  Number                   = {6},
  Pages                    = {637--649},
  Volume                   = {21},

  File                     = {:deschenes2000detection.pdf:PDF},
  Publisher                = {Elsevier}
}

@Article{donohue2011automated,
  Title                    = {Automated reconstruction of neuronal morphology: an overview},
  Author                   = {Donohue, Duncan E and Ascoli, Giorgio A},
  Journal                  = {Brain research reviews},
  Year                     = {2011},
  Number                   = {1},
  Pages                    = {94--102},
  Volume                   = {67},
  Publisher                = {Elsevier},
  File                     = {:donohue2011automated.pdf:PDF}
}

@Article{elias2012judoca,
  Title                    = {JUDOCA: Junction detection operator based on circumferential anchors},
  Author                   = {Elias, Rimon and Laganiere, Robert},
  Journal                  = {Image Processing, IEEE Transactions on},
  Year                     = {2012},
  Number                   = {4},
  Pages                    = {2109--2118},
  Volume                   = {21},
  File                     = {:elias2012judoca.pdf:PDF},
  Publisher                = {IEEE}
}

@InProceedings{faas2007junction,
  Title                    = {Junction detection and multi-orientation analysis using streamlines},
  Author                   = {Faas, Frank GA and Van Vliet, Lucas J},
  Booktitle                = {Computer Analysis of Images and Patterns},
  Year                     = {2007},
  Organization             = {Springer},
  Pages                    = {718--725}
}

@InProceedings{fanelli2011real,
  Title                    = {Real time head pose estimation with random regression forests},
  Author                   = {Fanelli, Gabriele and Gall, Juergen and Van Gool, Luc},
  Booktitle                = {Computer Vision and Pattern Recognition (CVPR), 2011 IEEE Conference on},
  Year                     = {2011},
  Organization             = {IEEE},
  Pages                    = {617--624}
}

@Article{flannery1992numerical,
  Title                    = {Numerical recipes in C},
  Author                   = {Flannery, Brian P and Press, William H and Teukolsky, Saul A and Vetterling, William},
  Journal                  = {Press Syndicate of the University of Cambridge, New York},
  Year                     = {1992}
}

@InCollection{fridman2003segmenting,
  Title                    = {Segmenting 3D branching tubular structures using cores},
  Author                   = {Fridman, Yonatan and Pizer, Stephen M and Aylward, Stephen and Bullitt, Elizabeth},
  Booktitle                = {Medical Image Computing and Computer-Assisted Intervention-MICCAI 2003},
  Publisher                = {Springer},
  Year                     = {2003},
  Pages                    = {570--577}
}

@Article{friman2010multiple,
  Title                    = {Multiple hypothesis template tracking of small 3D vessel structures},
  Author                   = {Friman, Ola and Hindennach, Milo and K{\"u}hnel, Caroline and Peitgen, Heinz-Otto},
  Journal                  = {Medical Image Analysis},
  Year                     = {2010},
  Number                   = {2},
  Pages                    = {160--171},
  Volume                   = {14},

  File                     = {:friman2010multiple.pdf:PDF},
  Publisher                = {Elsevier}
}

@Article{gang2002detection,
  Title                    = {Detection and measurement of retinal vessels in fundus images using amplitude modified second-order Gaussian filter},
  Author                   = {Gang, Luo and Chutatape, Opas and Krishnan, Shankar M},
  Journal                  = {Biomedical Engineering, IEEE Transactions on},
  Year                     = {2002},
  Number                   = {2},
  Pages                    = {168--172},
  Volume                   = {49},

  File                     = {:gang2002detection.pdf:PDF},
  Publisher                = {IEEE}
}

@Article{garcia2014new,
  Title                    = {A new mathematical function to evaluate neuronal morphology using the Sholl analysis},
  Author                   = {Garcia-Segura, Luis Miguel and Perez-Marquez, Julio},
  Journal                  = {Journal of neuroscience methods},
  Year                     = {2014},
  Pages                    = {103--109},
  Volume                   = {226},

  File                     = {:garcia2014new.pdf:PDF},
  Publisher                = {Elsevier}
}

@Article{gorricha2012improvements,
  Title                    = {Improvements on the visualization of clusters in geo-referenced data using Self-Organizing Maps},
  Author                   = {Gorricha, Jorge and Lobo, Victor},
  Journal                  = {Computers \& Geosciences},
  Year                     = {2012},
  Pages                    = {177--186},
  Volume                   = {43},

  Publisher                = {Elsevier}
}

@Article{hagenbuchner2005supervised,
  Title                    = {A supervised training algorithm for self-organizing maps for structures},
  Author                   = {Hagenbuchner, Markus and Tsoi, Ah Chung},
  Journal                  = {Pattern Recognition Letters},
  Year                     = {2005},
  Number                   = {12},
  Pages                    = {1874--1884},
  Volume                   = {26},

  Publisher                = {Elsevier}
}

@InProceedings{hansen2002biologically,
  Title                    = {A biologically motivated scheme for robust junction detection},
  Author                   = {Hansen, Thorsten and Neumann, Heiko},
  Booktitle                = {Biologically motivated computer vision},
  Year                     = {2002},
  Organization             = {Springer},
  Pages                    = {16--26},

  File                     = {:hansen2002biologically.pdf:PDF}
}

@Article{hoover2000locating,
  Title                    = {Locating blood vessels in retinal images by piecewise threshold probing of a matched filter response},
  Author                   = {Hoover, Adam and Kouznetsova, Valentina and Goldbaum, Michael},
  Journal                  = {Medical Imaging, IEEE Transactions on},
  Year                     = {2000},
  Number                   = {3},
  Pages                    = {203--210},
  Volume                   = {19},

  File                     = {:hoover2000locating.pdf:PDF},
  Publisher                = {IEEE}
}

@Article{hoseinnezhad2012visual,
  Title                    = {Visual tracking of numerous targets via multi-Bernoulli filtering of image data},
  Author                   = {Hoseinnezhad, Reza and Vo, Ba-Ngu and Vo, Ba-Tuong and Suter, David},
  Journal                  = {Pattern Recognition},
  Year                     = {2012},
  Number                   = {10},
  Pages                    = {3625--3635},
  Volume                   = {45},

  File                     = {:hoseinnezhad2012visual.pdf:PDF},
  Publisher                = {Elsevier}
}

@InProceedings{iqbal2008detection,
  Title                    = {Detection of vascular intersection in retina fundus image using modified cross point number and neural network technique},
  Author                   = {Iqbal, Muhammad Imran and Aibinu, Abiodun Musa and Nilsson, Mikael and Tijani, IB and Salami, Momoh Jimoh Emiyoka},
  Booktitle                = {Computer and Communication Engineering, 2008. ICCCE 2008. International Conference on},
  Year                     = {2008},
  Organization             = {IEEE},
  Pages                    = {241--246},

  File                     = {:iqbal2008detection.pdf:PDF}
}

@Article{jacobson2013robust,
  Title                    = {Robust inside-outside segmentation using generalized winding numbers},
  Author                   = {Jacobson, Alec and Kavan, Ladislav and Sorkine-Hornung, Olga},
  Journal                  = {ACM Trans. Graph},
  Year                     = {2013},
  Pages                    = {4},
  Volume                   = {32}
}

@Article{jiang2007detection,
  Title                    = {Detection of molecular particles in live cells via machine learning},
  Author                   = {Jiang, Shan and Zhou, Xiaobo and Kirchhausen, Tom and Wong, Stephen TC},
  Journal                  = {Cytometry Part A},
  Year                     = {2007},
  Number                   = {8},
  Pages                    = {563--575},
  Volume                   = {71},

  Publisher                = {Wiley Online Library},
File                     = {:jiang2007detection.pdf:PDF}
}

@Article{jiang2007tracking,
  Title                    = {Tracking molecular particles in live cells using fuzzy rule-based system},
  Author                   = {Jiang, Shan and Zhou, Xiaobo and Kirchhausen, Tom and Wong, Stephen TC},
  Journal                  = {Cytometry Part A},
  Year                     = {2007},
  Number                   = {8},
  Pages                    = {576--584},
  Volume                   = {71},

  Publisher                = {Wiley Online Library},
File                     = {:jiang2007tracking.pdf:PDF}
}

@InCollection{kothe2003edge,
  Title                    = {Edge and junction detection with an improved structure tensor},
  Author                   = {K{\"o}the, Ullrich},
  Booktitle                = {Pattern Recognition},
  Publisher                = {Springer},
  Year                     = {2003},
  Pages                    = {25--32}
}

@Article{kalitzin2001computational,
  Title                    = {A computational method for segmenting topological point-sets and application to image analysis},
  Author                   = {Kalitzin, Stiliyan N and Staal, Joes and ter Haar Romeny, Bart M and Viergever, Max A.},
  Journal                  = {Pattern Analysis and Machine Intelligence, IEEE Transactions on},
  Year                     = {2001},
  Number                   = {5},
  Pages                    = {447--459},
  Volume                   = {23},

  File                     = {:kalitzin2001computational.pdf:PDF},
  Publisher                = {IEEE}
}

@InProceedings{kirbas2003vessel,
  Title                    = {Vessel extraction techniques and algorithms: a survey},
  Author                   = {Kirbas, Cemil and Quek, Francis KH},
  Booktitle                = {Bioinformatics and Bioengineering, 2003. Proceedings. Third IEEE Symposium on},
  Year                     = {2003},
  Organization             = {IEEE},
  Pages                    = {238--245}
}

@Article{kohonen2012essentials,
  Title                    = {Essentials of the self-organizing map},
  Author                   = {Kohonen, Teuvo},
  Journal                  = {Neural Networks},
  Year                     = {2012},

  Publisher                = {Elsevier}
}

@Article{kohonen1990self,
  Title                    = {The self-organizing map},
  Author                   = {Kohonen, Teuvo},
  Journal                  = {Proceedings of the IEEE},
  Year                     = {1990},
  Number                   = {9},
  Pages                    = {1464--1480},
  Volume                   = {78},

  Publisher                = {IEEE}
}

@Article{kohonen2002make,
  Title                    = {How to make large self-organizing maps for nonvectorial data},
  Author                   = {Kohonen, Teuvo and Somervuo, Panu},
  Journal                  = {Neural networks},
  Year                     = {2002},
  Number                   = {8},
  Pages                    = {945--952},
  Volume                   = {15},

  Publisher                = {Elsevier}
}

@InProceedings{laganiere2004detection,
  Title                    = {The detection of junction features in images.},
  Author                   = {Laganiere, Robert and Elias, Rimon},
  Booktitle                = {ICASSP (3)},
  Year                     = {2004},
  Pages                    = {573--576},

  File                     = {:laganiere2004detection.pdf:PDF}
}

@InCollection{law2008three,
  Title                    = {Three dimensional curvilinear structure detection using optimally oriented flux},
  Author                   = {Law, Max WK and Chung, Albert CS},
  Booktitle                = {Computer Vision--ECCV 2008},
  Publisher                = {Springer},
  Year                     = {2008},
  Pages                    = {368--382}
}

@InProceedings{lee2008semi,
  Title                    = {A semi-automatic method for neuron centerline extraction in confocal microscopic image stack},
  Author                   = {Lee, Ping Chang and Ching, Yu Tai and Chang, HM and Chiang, A-S},
  Booktitle                = {Biomedical Imaging: From Nano to Macro, 2008. ISBI 2008. 5th IEEE International Symposium on},
  Year                     = {2008},
  Organization             = {IEEE},
  Pages                    = {959--962}
}

@Article{lee2012high,
  Title                    = {High-throughput Computer Method for 3D Neuronal Structure Reconstruction from the Image Stack of the Drosophila Brain and Its Applications},
  Author                   = {Lee, Ping-Chang and Chuang, Chao-Chun and Chiang, Ann-Shyn and Ching, Yu-Tai},
  Journal                  = {PLoS Computational Biology},
  Year                     = {2012},
  Number                   = {9},
  Pages                    = {e1002658},
  Volume                   = {8},

  Publisher                = {Public Library of Science}
}

@Article{lee1997scattered,
  Title                    = {Scattered data interpolation with multilevel B-splines},
  Author                   = {Lee, Seungyong and Wolberg, George and Shin, Sung Yong},
  Journal                  = {Visualization and Computer Graphics, IEEE Transactions on},
  Year                     = {1997},
  Number                   = {3},
  Pages                    = {228--244},
  Volume                   = {3},

  Publisher                = {IEEE}
}

@InProceedings{lewis1995fast,
  Title                    = {Fast normalized cross-correlation},
  Author                   = {Lewis, JP},
  Booktitle                = {Vision interface},
  Year                     = {1995},
  Number                   = {1},
  Pages                    = {120--123},
  Volume                   = {10},

  File                     = {:lewis1995fast.pdf:PDF}
}

@Article{li2007vessels,
  Title                    = {Vessels as 4-D curves: Global minimal 4-D paths to extract 3-D tubular surfaces and centerlines},
  Author                   = {Li, Hua and Yezzi, Anthony},
  Journal                  = {Medical Imaging, IEEE Transactions on},
  Year                     = {2007},
  Number                   = {9},
  Pages                    = {1213--1223},
  Volume                   = {26},

  Publisher                = {IEEE}
}

@InProceedings{li2008storm,
  Title                    = {Storm clustering for data-driven weather forecasting},
  Author                   = {Li, Xiang and Ramachandran, Rahul and Movva, Sunil and Graves, Sara and Plale, Beth and Vijayakumar, Nithya},
  Booktitle                = {24th Conference on IIPS},
  Year                     = {2008}
}

@Article{liaw2002classification,
  Title                    = {Classification and Regression by randomForest},
  Author                   = {Liaw, Andy and Wiener, Matthew},
  Journal                  = {R news},
  Year                     = {2002},
  Number                   = {3},
  Pages                    = {18--22},
  Volume                   = {2}
}

@Article{longair2011simple,
  Title                    = {Simple Neurite Tracer: open source software for reconstruction, visualization and analysis of neuronal processes},
  Author                   = {Longair, Mark H and Baker, Dean A and Armstrong, J Douglas},
  Journal                  = {Bioinformatics},
  Year                     = {2011},
  Number                   = {17},
  Pages                    = {2453--2454},
  Volume                   = {27},

  File                     = {:longair2011simple.pdf:PDF},
  Publisher                = {Oxford Univ Press}
}

@Article{mavska2014benchmark,
  Title                    = {A benchmark for comparison of cell tracking algorithms},
  Author                   = {Ma{\v{s}}ka, Martin and Ulman, Vladim{\'\i}r and Svoboda, David and Matula, Pavel and Matula, Petr and Ederra, Cristina and Urbiola, Ainhoa and Espa{\~n}a, Tom{\'a}s and Venkatesan, Subramanian and Balak, Deepak MW and others},
  Journal                  = {Bioinformatics},
  Year                     = {2014},
  Number                   = {11},
  Pages                    = {1609--1617},
  Volume                   = {30},

  Publisher                = {Oxford Univ Press},
  File                     = {:mavska2014benchmark.pdf:PDF}
}

@InProceedings{maire2008using,
  Title                    = {Using contours to detect and localize junctions in natural images},
  Author                   = {Maire, Michael and Arbel{\'a}ez, Pablo and Fowlkes, Charless and Malik, Jitendra},
  Booktitle                = {Computer Vision and Pattern Recognition, 2008. CVPR 2008. IEEE Conference on},
  Year                     = {2008},
  Organization             = {IEEE},
  Pages                    = {1--8},

  File                     = {:maire2008using.pdf:PDF}
}

@Article{mansour1998kurtosis,
  Title                    = {Kurtosis: Definition and Properties.},
  Author                   = {Mansour, Ali and Jutten, Christian and Ohnishi, Noboru},
  Journal                  = {signal},
  Year                     = {1998},
  Pages                    = {7},
  Volume                   = {1}
}

@InProceedings{marana2005ridge,
  Title                    = {Ridge-based fingerprint matching using hough transform},
  Author                   = {Marana, Aparecido Nilceu and Jain, Anil K},
  Booktitle                = {Computer Graphics and Image Processing, 2005. SIBGRAPI 2005. 18th Brazilian Symposium on},
  Year                     = {2005},
  Organization             = {IEEE},
  Pages                    = {112--119},

  File                     = {:marana2005ridge.pdf:PDF}
}

@Article{meijering2012cell,
  Title                    = {Cell segmentation: 50 years down the road [life sciences]},
  Author                   = {Meijering, Erik},
  Journal                  = {Signal Processing Magazine, IEEE},
  Year                     = {2012},
  Number                   = {5},
  Pages                    = {140--145},
  Volume                   = {29},

  Publisher                = {IEEE}
}

@Article{meijering2004design,
  Title                    = {Design and validation of a tool for neurite tracing and analysis in fluorescence microscopy images},
  Author                   = {Meijering, E and Jacob, M and Sarria, J-CF and Steiner, Pl and Hirling, H and Unser, M},
  Journal                  = {Cytometry Part A},
  Year                     = {2004},
  Number                   = {2},
  Pages                    = {167--176},
  Volume                   = {58},

  File                     = {:meijering2004design.pdf:PDF},
  Publisher                = {Wiley Online Library}
}

@Article{mendel1995fuzzy,
  Title                    = {Fuzzy logic systems for engineering: a tutorial},
  Author                   = {Mendel, Jerry M},
  Journal                  = {Proceedings of the IEEE},
  Year                     = {1995},
  Number                   = {3},
  Pages                    = {345--377},
  Volume                   = {83},

  Publisher                = {IEEE},
  File                     = {:mendel1995fuzzy.pdf:PDF}
}

@InCollection{michaelis1994junction,
  Title                    = {Junction classification by multiple orientation detection},
  Author                   = {Michaelis, Markus and Sommer, Gerald},
  Booktitle                = {Computer Vision—ECCV'94},
  Publisher                = {Springer},
  Year                     = {1994},
  Pages                    = {101--108}
}

@Article{milstein1998image,
  Title                    = {Image Segmentation by Adaptive Thresholding},
  Author                   = {Milstein, Nir},
  Journal                  = {Technion--Israel Institute of Technology, The Faculty for Computer Sciences},
  Year                     = {1998},
  Pages                    = {1--38}
}

@InProceedings{ming2013winding,
  Title                    = {Winding Number for Region-Boundary Consistent Salient Contour Extraction},
  Author                   = {Ming, Yansheng and Li, Hongdong and He, Xuming},
  Booktitle                = {Computer Vision and Pattern Recognition (CVPR), 2013 IEEE Conference on},
  Year                     = {2013},
  Organization             = {IEEE},
  Pages                    = {2818--2825}
}

@InProceedings{mohan2009vessel,
  Title                    = {Vessel segmentation with automatic centerline extraction using tubular tree segmentation},
  Author                   = {Mohan, Vandana and Sundaramoorthi, Ganesh and Stillman, Arthur and Tannenbaum, Allen and others},
  Booktitle                = {CI2BM09-MICCAI Workshop on Cardiovascular Interventional Imaging and Biophysical Modelling},
  Year                     = {2009}
}

@InProceedings{mukherjee2013tree2tree2,
  Title                    = {Tree2Tree2: Neuron tracing in 3D},
  Author                   = {Mukherjee, Suvadip and Basu, Saurav and Condron, Barry and Acton, Scott T},
  Booktitle                = {Biomedical Imaging (ISBI), 2013 IEEE 10th International Symposium on},
  Year                     = {2013},
  Organization             = {IEEE},
  Pages                    = {448--451}
}

@InProceedings{myatt2006towards,
  Title                    = {Towards the automatic reconstruction of dendritic trees using particle filters},
  Author                   = {Myatt, DR and Nasuto, SJ and Maybank, SJ},
  Booktitle                = {Nonlinear Statistical Signal Processing Workshop, 2006 IEEE},
  Year                     = {2006},
  Organization             = {IEEE},
  Pages                    = {193--196}
}

@Article{nelder1965simplex,
  Title                    = {A simplex method for function minimization},
  Author                   = {Nelder, John A and Mead, Roger},
  Journal                  = {The computer journal},
  Year                     = {1965},
  Number                   = {4},
  Pages                    = {308--313},
  Volume                   = {7},

  Publisher                = {Br Computer Soc}
}

@Article{obara2012contrast,
  Title                    = {Contrast-independent curvilinear structure detection in biomedical images},
  Author                   = {Obara, Boguslaw and Fricker, Mark and Gavaghan, David and Grau, Vicente},
  Journal                  = {Image Processing, IEEE Transactions on},
  Year                     = {2012},
  Number                   = {5},
  Pages                    = {2572--2581},
  Volume                   = {21},

  Publisher                = {IEEE}
}

@Article{obara2011segmentation,
  Title                    = {Segmentation of ascidian notochord cells in DIC timelapse images},
  Author                   = {Obara, Boguslaw and Veeman, Michael and Choi, Jae Hyeok and Smith, William and Manjunath, BS},
  Journal                  = {Microscopy research and technique},
  Year                     = {2011},
  Number                   = {8},
  Pages                    = {727--734},
  Volume                   = {74},

  File                     = {:obara2011segmentation.pdf:PDF},
  Publisher                = {Wiley Online Library}
}

@InProceedings{obaraa2012contrast,
  Title                    = {Contrast independent detection of branching points in network-like structures},
  Author                   = {Obara, Boguslaw and Frickerc, Mark and Graua, Vicente},
  Booktitle                = {SPIE Medical Imaging},
  Year                     = {2012},
  Organization             = {International Society for Optics and Photonics},
  Pages                    = {83141L--83141L},

  File                     = {:obaraa2012contrast.pdf:PDF}
}

@Article{ortega2009personal,
  Title                    = {Personal verification based on extraction and characterisation of retinal feature points},
  Author                   = {Ortega, Marcos and Penedo, Manuel G and Rouco, Jos{\'e} and Barreira, Noelia and Carreira, Mar{\'\i}a J},
  Journal                  = {Journal of Visual Languages \& Computing},
  Year                     = {2009},
  Number                   = {2},
  Pages                    = {80--90},
  Volume                   = {20},

  Publisher                = {Elsevier}
}

@InProceedings{puspoki2013detection,
  Title                    = {Detection of symmetric junctions in biological images using 2-D steerable wavelet transforms},
  Author                   = {P{\"u}sp{\"o}ki, Zsuzsanna and Vonesch, C{\'e}dric and Unser, Michael},
  Booktitle                = {Proceedings of the Tenth IEEE International Symposium on Biomedical Imaging: From Nano to Macro (ISBI’13)},
  Year                     = {2013}
}

@Article{parida1998junctions,
  Title                    = {Junctions: Detection, classification, and reconstruction},
  Author                   = {Parida, Laxmi and Geiger, Davi and Hummel, Robert},
  Journal                  = {Pattern Analysis and Machine Intelligence, IEEE Transactions on},
  Year                     = {1998},
  Number                   = {7},
  Pages                    = {687--698},
  Volume                   = {20},
  Publisher                = {IEEE},
  File                     = {:parida1998junctions.pdf:PDF}
}

@Article{ponsmetric,
  Title                    = {Metric Regression Forests for Human Pose Estimation},
  Author                   = {Pons-Moll12, Gerard and Taylor13, Jonathan and Shotton, Jamie and Hertzmann14, Aaron and Fitzgibbon, Andrew}
}

@Article{pool2008neuritetracer,
  Title                    = {NeuriteTracer: a novel ImageJ plugin for automated quantification of neurite outgrowth},
  Author                   = {Pool, Madeline and Thiemann, Joachim and Bar-Or, Amit and Fournier, Alyson E},
  Journal                  = {Journal of neuroscience methods},
  Year                     = {2008},
  Number                   = {1},
  Pages                    = {134--139},
  Volume                   = {168},

  Publisher                = {Elsevier}
}

@Article{preibisch2009globally,
  Title                    = {Globally optimal stitching of tiled 3D microscopic image acquisitions},
  Author                   = {Preibisch, Stephan and Saalfeld, Stephan and Tomancak, Pavel},
  Journal                  = {Bioinformatics},
  Year                     = {2009},
  Number                   = {11},
  Pages                    = {1463--1465},
  Volume                   = {25},

  Publisher                = {Oxford Univ Press}
}

@Article{pyckerange,
  Title                    = {On the range of linear and circular kurtosis},
  Author                   = {Pycke, Jean-Renaud}
}

@INPROCEEDINGS{radojevic2014fuzzy,
author={Radojevi{\'c}, M. and Smal, I and Niessen, W. and Meijering, E.},
booktitle={Biomedical Imaging (ISBI), 2014 IEEE 11th International Symposium on},
title={Fuzzy logic based detection of neuron bifurcations in microscopy images},
year={2014},
month={April},
Organization             = {IEEE},
pages={1307-1310},
File                     = {:radojevic2014fuzzy.pdf:PDF}
}

@inproceedings{radojevie2015automated,
  title={Automated neuron morphology reconstruction using fuzzy-logic detection and Bayesian tracing algorithms},
  author={Radojevie, Miroslav and Smal, Ihor and Meijering, Erik},
  booktitle={Biomedical Imaging (ISBI), 2015 IEEE 12th International Symposium on},
  pages={885--888},
  year={2015},
  organization={IEEE}
}

@Book{richards1997backtracking,
  Title                    = {Backtracking algorithms in MCPL using bit patterns and recursion},
  Author                   = {Richards, Martin},
  Publisher                = {Citeseer},
  Year                     = {1997}
}

@Article{ristic2011metric,
  Title                    = {A metric for performance evaluation of multi-target tracking algorithms},
  Author                   = {Ristic, Branko and Vo, Ba-Ngu and Clark, Daniel and Vo, Ba-Tuong},
  Journal                  = {Signal Processing, IEEE Transactions on},
  Year                     = {2011},
  Number                   = {7},
  Pages                    = {3452--3457},
  Volume                   = {59},
  File                     = {:ristic2011metric.pdf:PDF},
  Publisher                = {IEEE}
}

@Article{rodriguez2009three,
  Title                    = {Three-dimensional neuron tracing by voxel scooping},
  Author                   = {Rodriguez, Alfredo and Ehlenberger, Douglas B and Hof, Patrick R and Wearne, Susan L},
  Journal                  = {Journal of neuroscience methods},
  Year                     = {2009},
  Number                   = {1},
  Pages                    = {169--175},
  Volume                   = {184},

  Publisher                = {Elsevier}
}

@Article{rohr1992modelling,
  Title                    = {Modelling and identification of characteristic intensity variations},
  Author                   = {Rohr, Karl},
  Journal                  = {Image and Vision Computing},
  Year                     = {1992},
  Number                   = {2},
  Pages                    = {66--76},
  Volume                   = {10},
  File                     = {:rohr1992modelling.pdf:PDF},
  Publisher                = {Elsevier}
}

@Article{rouchdy2013geodesic,
  Title                    = {Geodesic voting for the automatic extraction of tree structures. Methods and applications},
  Author                   = {Rouchdy, Youssef and Cohen, Laurent D},
  Journal                  = {Computer Vision and Image Understanding},
  Year                     = {2013},
  Publisher                = {Elsevier},
  File                     = {:rouchdy2013geodesic.pdf:PDF}

}

@Book{russell1995artificial,
  Title                    = {Artificial intelligence: a modern approach},
  Author                   = {Russell, Stuart Jonathan and Norvig, Peter and Canny, John F and Malik, Jitendra M and Edwards, Douglas D},
  Publisher                = {Prentice hall Englewood Cliffs},
  Year                     = {1995},
  Volume                   = {74}
}

@Article{saha2009image,
  Title                    = {Image thresholding by variational minimax optimization},
  Author                   = {Saha, Baidya Nath and Ray, Nilanjan},
  Journal                  = {Pattern Recognition},
  Year                     = {2009},
  Number                   = {5},
  Pages                    = {843--856},
  Volume                   = {42},

  Publisher                = {Elsevier}
}

@Article{sanjeev2002tutorial,
  Title                    = {A tutorial on particle filters for online nonlinear/non-Gaussian Bayesian tracking},
  Author                   = {Sanjeev Arulampalam, M and Maskell, Simon and Gordon, Neil and Clapp, Tim},
  Journal                  = {Signal Processing, IEEE Transactions on},
  Year                     = {2002},
  Number                   = {2},
  Pages                    = {174--188},
  Volume                   = {50},

  Publisher                = {IEEE}
}

@Article{sankur2001image,
  Title                    = {Image thresholding techniques: A survey over categories},
  Author                   = {Sankur, Bulent and Sezgin, Mehmet},
  Journal                  = {Pattern Recognition},
  Year                     = {2001},
  Number                   = {2},
  Pages                    = {1573--1607},
  Volume                   = {34}
}

@InCollection{schaap2007bayesianmiccai,
  Title                    = {Bayesian tracking of tubular structures and its application to carotid arteries in CTA},
  Author                   = {Schaap, Michiel and Manniesing, Rashindra and Smal, Ihor and Van Walsum, Theo and Van Der Lugt, Aad and Niessen, Wiro},
  Booktitle                = {Medical Image Computing and Computer-Assisted Intervention--MICCAI 2007},
  Publisher                = {Springer},
  Year                     = {2007},
  Pages                    = {562--570}
}

@InProceedings{schaap2007bayesianipmi,
  Title                    = {Bayesian tracking of elongated structures in 3D images},
  Author                   = {Schaap, Michiel and Smal, Ihor and Metz, Coert and van Walsum, Theo and Niessen, Wiro},
  Booktitle                = {Information Processing in Medical Imaging},
  Year                     = {2007},
  Organization             = {Springer},
  Pages                    = {74--85}
}

@Article{schmitz2011automated,
  Title                    = {Automated analysis of neuronal morphology, synapse number and synaptic recruitment},
  Author                   = {Schmitz, Sabine K and Hjorth, JJ and Joemai, Raoul and Wijntjes, Rick and Eijgenraam, Susanne and de Bruijn, Petra and Georgiou, Christina and de Jong, Arthur PH and van Ooyen, Arjen and Verhage, Matthijs and others},
  Journal                  = {Journal of neuroscience methods},
  Year                     = {2011},
  Number                   = {2},
  Pages                    = {185--193},
  Volume                   = {195},

  Publisher                = {Elsevier}
}

@Article{schuhmacher2008consistent,
  Title                    = {A consistent metric for performance evaluation of multi-object filters},
  Author                   = {Schuhmacher, Dominic and Vo, Ba-Tuong and Vo, Ba-Ngu},
  Journal                  = {Signal Processing, IEEE Transactions on},
  Year                     = {2008},
  Number                   = {8},
  Pages                    = {3447--3457},
  Volume                   = {56},

  File                     = {:schuhmacher2008consistent.pdf:PDF},
  Publisher                = {IEEE}
}

@Article{shen2002corner,
  Title                    = {Corner detection based on modified Hough transform},
  Author                   = {Shen, Fei and Wang, Han},
  Journal                  = {Pattern Recognition Letters},
  Year                     = {2002},
  Number                   = {8},
  Pages                    = {1039--1049},
  Volume                   = {23},

  Publisher                = {Elsevier}
}

@Article{sholl1953dendritic,
  Title                    = {Dendritic organization in the neurons of the visual and motor cortices of the cat},
  Author                   = {Sholl, DA},
  Journal                  = {Journal of anatomy},
  Year                     = {1953},
  Number                   = {Pt 4},
  Pages                    = {387},
  Volume                   = {87},

  Publisher                = {Blackwell Publishing}
}

@Article{sinzinger2008model,
  Title                    = {A model-based approach to junction detection using radial energy},
  Author                   = {Sinzinger, Eric D},
  Journal                  = {Pattern Recognition},
  Year                     = {2008},
  Number                   = {2},
  Pages                    = {494--505},
  Volume                   = {41},

  File                     = {:sinzinger2008model.pdf:PDF},
  Publisher                = {Elsevier}
}

@Article{sluzek1framework,
  Title                    = {A framework for junction detection using local Hough transforms},
  Author                   = {Sluzek, Andrzej and Al-Hamdi, Ali and Akram, Muhammad and Hasan, Ahmed Monjurul and Araar, Abdelaziz and Khali, Hakim and Said, Mohamed Faidz Mohamed and Yahya, Saadiah and Taib, Mohd Nasir and Shanmugapriya, K and others},
  Journal                  = {A A},
  Pages                    = {0},
  Volume                   = {1},

  File                     = {:sluzek1framework.pdf:PDF}
}

@Article{smal2010quantitative,
  Title                    = {Quantitative comparison of spot detection methods in fluorescence microscopy},
  Author                   = {Smal, Ihor and Loog, Marco and Niessen, Wiro and Meijering, Erik},
  Journal                  = {Medical Imaging, IEEE Transactions on},
  Year                     = {2010},
  Number                   = {2},
  Pages                    = {282--301},
  Volume                   = {29},

  Publisher                = {IEEE},
  File                     = {:smal2010quantitative.pdf:PDF}
}

@Article{srinivasan2007automated,
  Title                    = {Automated axon tracking of 3D confocal laser scanning microscopy images using guided probabilistic region merging},
  Author                   = {Srinivasan, Ranga and Zhou, Xiaobo and Miller, Eric and Lu, Ju and Litchman, Jeff and Wong, Stephen TC},
  Journal                  = {Neuroinformatics},
  Year                     = {2007},
  Number                   = {3},
  Pages                    = {189--203},
  Volume                   = {5},

  Publisher                = {Springer}
}

@Article{staal2004ridge,
  Title                    = {Ridge-based vessel segmentation in color images of the retina},
  Author                   = {Staal, Joes and Abr{\`a}moff, Michael D and Niemeijer, Meindert and Viergever, Max A and van Ginneken, Bram},
  Journal                  = {Medical Imaging, IEEE Transactions on},
  Year                     = {2004},
  Number                   = {4},
  Pages                    = {501--509},
  Volume                   = {23},

  Publisher                = {IEEE}
}

@Article{steger1998unbiased,
  Title                    = {An unbiased detector of curvilinear structures},
  Author                   = {Steger, Carsten},
  Journal                  = {Pattern Analysis and Machine Intelligence, IEEE Transactions on},
  Year                     = {1998},
  Number                   = {2},
  Pages                    = {113--125},
  Volume                   = {20},

  File                     = {:steger1998unbiased.pdf:PDF},
  Publisher                = {IEEE}
}

@InProceedings{steger1996extraction,
  Title                    = {Extraction of curved lines from images},
  Author                   = {Steger, Carsten},
  Booktitle                = {Pattern Recognition, 1996., Proceedings of the 13th International Conference on},
  Year                     = {1996},
  Organization             = {IEEE},
  Pages                    = {251--255},
  Volume                   = {2},

  File                     = {:steger1996extraction.pdf:PDF}
}

@Article{steger1996unbiased,
  Title                    = {An Unbiased Detector of Curvilinear Structures},
  Author                   = {Steger, Carsten},
  Year                     = {1996},

  File                     = {:steger1996unbiased.pdf:PDF}
}

@Article{steiner2002overexpression,
  Title                    = {Overexpression of neuronal Sec1 enhances axonal branching in hippocampal neurons},
  Author                   = {Steiner, P and Sarria, J-CF and Huni, B and Marsault, R and Catsicas, S and Hirling, H},
  Journal                  = {Neuroscience},
  Year                     = {2002},
  Number                   = {4},
  Pages                    = {893--905},
  Volume                   = {113},
  Publisher                = {Elsevier},
  File                     = {:steiner2002overexpression.pdf:PDF}
}

@Article{su2012junction,
  Title                    = {Junction detection for linear structures based on Hessian, correlation and shape information},
  Author                   = {Su, Ran and Sun, Changming and Pham, Tuan D},
  Journal                  = {Pattern Recognition},
  Year                     = {2012},
  Number                   = {10},
  Pages                    = {3695--3706},
  Volume                   = {45},

  File                     = {:su2012junction.pdf:PDF},
  Publisher                = {Elsevier}
}

@Article{sujunction,
  Title                    = {Junction Detection for Tubular Structures},
  Author                   = {Su, Ran and Sun, Changming and Pham, Tuan D and Zhou, Xiaobo and Tanaka, Hiroshi and Oyama-Higa, Mayumi and Jiang, Xiaoyi and Kowalski, Jeanne and Jia, Xiuping},

  File                     = {:sujunction.pdf:PDF}
}

@Article{su2014new,
  Title                    = {A new method for linear feature and junction enhancement in 2D images based on morphological operation, Oriented anisotropic gaussian function and hessian information},
  Author                   = {Su, Ran and Sun, Changming and Zhang, Chao and Pham, Tuan D},
  Journal                  = {Pattern Recognition},
  Year                     = {2014},

  File                     = {:su2014new.pdf:PDF},
  Publisher                = {Elsevier}
}

@InProceedings{tao2003vessel,
  Title                    = {Vessel junction detection from retinal images},
  Author                   = {Tao, Yuexiong and Gao, Qigang},
  Booktitle                = {Proceedings of the 16th International Conference on Vision Interface, Halifax, Canada},
  Year                     = {2003},
  Organization             = {Citeseer},
  Pages                    = {388--394},

  File                     = {:tao2003vessel.pdf:PDF}
}

@Article{thevenaz2007user,
  Title                    = {User-friendly semiautomated assembly of accurate image mosaics in microscopy},
  Author                   = {Th{\'e}venaz, Philippe and Unser, Michael},
  Journal                  = {Microscopy research and technique},
  Year                     = {2007},
  Number                   = {2},
  Pages                    = {135--146},
  Volume                   = {70},

  Publisher                = {Wiley Online Library}
}

@Article{thomann2002automatic,
  Title                    = {Automatic fluorescent tag detection in 3D with super-resolution: application to the analysis of chromosome movement},
  Author                   = {Thomann, D and Rines, DR and Sorger, PK and Danuser, G},
  Journal                  = {Journal of Microscopy},
  Year                     = {2002},
  Number                   = {1},
  Pages                    = {49--64},
  Volume                   = {208},
  Publisher                = {Wiley Online Library},
  File                     = {:thomann2002automatic.pdf:PDF}
}

@Article{tsai2004model,
  Title                    = {Model-based method for improving the accuracy and repeatability of estimating vascular bifurcations and crossovers from retinal fundus images},
  Author                   = {Tsai, Chia-Ling and Stewart, Charles V and Tanenbaum, Howard L and Roysam, Badrinath},
  Journal                  = {Information Technology in Biomedicine, IEEE Transactions on},
  Year                     = {2004},
  Number                   = {2},
  Pages                    = {122--130},
  Volume                   = {8},

  File                     = {:tsai2004model.pdf:PDF},
  Publisher                = {IEEE}
}

@Article{vasilkoski2009detection,
  Title                    = {Detection of the optimal neuron traces in confocal microscopy images},
  Author                   = {Vasilkoski, Zlatko and Stepanyants, Armen},
  Journal                  = {Journal of neuroscience methods},
  Year                     = {2009},
  Number                   = {1},
  Pages                    = {197--204},
  Volume                   = {178},

  Publisher                = {Elsevier}
}

@Article{veenman2003motion,
  Title                    = {Motion tracking as a constrained optimization problem},
  Author                   = {Veenman, Cor J and Reinders, Marcel JT and Backer, Eric},
  Journal                  = {Pattern Recognition},
  Year                     = {2003},
  Number                   = {9},
  Pages                    = {2049--2067},
  Volume                   = {36},

  Publisher                = {Elsevier}
}

@Article{vincent1993morphological,
  Title                    = {Morphological grayscale reconstruction in image analysis: Applications and efficient algorithms},
  Author                   = {Vincent, Luc},
  Journal                  = {Image Processing, IEEE Transactions on},
  Year                     = {1993},
  Number                   = {2},
  Pages                    = {176--201},
  Volume                   = {2},

  Publisher                = {IEEE}
}

@Article{viola2004robust,
  Title                    = {Robust real-time face detection},
  Author                   = {Viola, Paul and Jones, Michael J},
  Journal                  = {International journal of computer vision},
  Year                     = {2004},
  Number                   = {2},
  Pages                    = {137--154},
  Volume                   = {57},

  Publisher                = {Springer}
}

@InProceedings{wang2002detecting,
  Title                    = {Detecting branching structures using local gaussian models},
  Author                   = {Wang, Li and Bhalerao, Abhir},
  Booktitle                = {Biomedical Imaging, 2002. Proceedings. 2002 IEEE International Symposium on},
  Year                     = {2002},
  Organization             = {IEEE},
  Pages                    = {161--164}
}

@Article{wang2012statistical,
  Title                    = {Statistical tracking of tree-like tubular structures with efficient branching detection in 3D medical image data},
  Author                   = {Wang, X and Heimann, T and Lo, P and Sumkauskaite, M and Puderbach, M and de Bruijne, Marleen and Meinzer, HP and Wegner, I},
  Journal                  = {Physics in Medicine and Biology},
  Year                     = {2012},
  Number                   = {16},
  Pages                    = {5325},
  Volume                   = {57},
  Publisher                = {IOP Publishing},
  File                     = {:wang2012statistical.pdf:PDF}
}

@InProceedings{wang2011robust,
  Title                    = {Robust detection of bifurcations for vessel tree tracking},
  Author                   = {Wang, Xin and Heimann, Tobias and Meinzer, Hans-Peter and Wegner, Ingmar},
  Booktitle                = {SPIE Medical Imaging},
  Year                     = {2011},
  Organization             = {International Society for Optics and Photonics},
  Pages                    = {796327--796327}
}

@Article{wang2011broadly,
  Title                    = {A broadly applicable 3-D neuron tracing method based on open-curve snake},
  Author                   = {Wang, Yu and Narayanaswamy, Arunachalam and Tsai, Chia-Ling and Roysam, Badrinath},
  Journal                  = {Neuroinformatics},
  Year                     = {2011},
  Number                   = {2-3},
  Pages                    = {193--217},
  Volume                   = {9},

  Publisher                = {Springer},
  File                     = {:wang2011broadly.pdf:PDF}
}

@Article{woollett2011acquiring,
  Title                    = {Acquiring ?the knowledge? of London's layout drives structural brain changes},
  Author                   = {Woollett, Katherine and Maguire, Eleanor A},
  Journal                  = {Current biology},
  Year                     = {2011},
  Number                   = {24},
  Pages                    = {2109--2114},
  Volume                   = {21},

  Publisher                = {Elsevier}
}

@Article{wu2010automatic,
  Title                    = {Automatic robust neurite detection and morphological analysis of neuronal cell cultures in high-content screening},
  Author                   = {Wu, Chaohong and Schulte, Joost and Sepp, Katharine J and Littleton, J Troy and Hong, Pengyu},
  Journal                  = {Neuroinformatics},
  Year                     = {2010},
  Number                   = {2},
  Pages                    = {83--100},
  Volume                   = {8},

  File                     = {:wu2010automatic.pdf:PDF},
  Publisher                = {Springer}
}

@Article{xiao2013app2,
  Title                    = {APP2: automatic tracing of 3D neuron morphology based on hierarchical pruning of a gray-weighted image distance-tree},
  Author                   = {Xiao, Hang and Peng, Hanchuan},
  Journal                  = {Bioinformatics},
  Year                     = {2013},
  Number                   = {11},
  Pages                    = {1448--1454},
  Volume                   = {29},

  Publisher                = {Oxford Univ Press},
  File                     = {:xiao2013app2.pdf:PDF}
}

@Article{xie2011anisotropic,
  Title                    = {Anisotropic path searching for automatic neuron reconstruction},
  Author                   = {Xie, Jun and Zhao, Ting and Lee, Tzumin and Myers, Eugene and Peng, Hanchuan},
  Journal                  = {Medical image analysis},
  Year                     = {2011},
  Number                   = {5},
  Pages                    = {680--689},
  Volume                   = {15},

  File                     = {:xie2011anisotropic.pdf:PDF},
  Publisher                = {Elsevier}
}

@Article{xiong2009automatic,
  Title                    = {Automatic junction detection of tubular structures},
  Author                   = {Xiong, G and Xing, L and Taylor, C},
  Journal                  = {The Insight Journal,$\{$http://hdl. handle. net/1926/1534$\}$},
  Year                     = {2009},

  File                     = {:xiong2009automatic.pdf:PDF}
}

@Article{xiong2006automated,
  Title                    = {Automated neurite labeling and analysis in fluorescence microscopy images},
  Author                   = {Xiong, Guanglei and Zhou, Xiaobo and Degterev, Alexei and Ji, Liang and Wong, Stephen TC},
  Journal                  = {Cytometry Part A},
  Year                     = {2006},
  Number                   = {6},
  Pages                    = {494--505},
  Volume                   = {69},
  Publisher                = {Wiley Online Library},
  File                     = {:xiong2006automated.pdf:PDF}
}

@Article{yin2012retinal,
  Title                    = {Retinal vessel segmentation using a probabilistic tracking method},
  Author                   = {Yin, Yi and Adel, Mouloud and Bourennane, Salah},
  Journal                  = {Pattern Recognition},
  Year                     = {2012},
  Number                   = {4},
  Pages                    = {1235--1244},
  Volume                   = {45},
  File                     = {:yin2012retinal.pdf:PDF},
  Publisher                = {Elsevier}
}

@InProceedings{yu1998rotated,
  Title                    = {Rotated wedge averaging method for junction characterization},
  Author                   = {Yu, Weichuan and Daniilidia, K and Sommer, Gerald},
  Booktitle                = {Computer Vision and Pattern Recognition, 1998. Proceedings. 1998 IEEE Computer Society Conference on},
  Year                     = {1998},
  Organization             = {IEEE},
  Pages                    = {390--395},

  File                     = {:yu1998rotated.pdf:PDF}
}

@Article{zadeh1986simple,
  Title                    = {A simple view of the Dempster-Shafer theory of evidence and its implication for the rule of combination},
  Author                   = {Zadeh, Lotfi A},
  Journal                  = {AI magazine},
  Year                     = {1986},
  Number                   = {2},
  Pages                    = {85},
  Volume                   = {7},

  File                     = {:zadeh1986simple.pdf:PDF}
}

@Article{zadeh1965fuzzy,
  Title                    = {Fuzzy sets},
  Author                   = {Zadeh, Lotfi A},
  Journal                  = {Information and control},
  Year                     = {1965},
  Number                   = {3},
  Pages                    = {338--353},
  Volume                   = {8},
  Publisher                = {Elsevier}
}

@Article{zhang2007automated,
  Title                    = {Automated neurite extraction using dynamic programming for high-throughput screening of neuron-based assays},
  Author                   = {Zhang, Yong and Zhou, Xiaobo and Degterev, Alexei and Lipinski, Marta and Adjeroh, Donald and Yuan, Junying and Wong, Stephen TC},
  Journal                  = {NeuroImage},
  Year                     = {2007},
  Number                   = {4},
  Pages                    = {1502--1515},
  Volume                   = {35},
  Publisher                = {Elsevier},
  File                     = {:zhang2007automated.pdf:PDF}
}

@Article{zhang2007novel,
  Title                    = {A novel tracing algorithm for high throughput imaging: Screening of neuron-based assays},
  Author                   = {Zhang, Yong and Zhou, Xiaobo and Degterev, Alexei and Lipinski, Marta and Adjeroh, Donald and Yuan, Junying and Wong, Stephen TC},
  Journal                  = {Journal of neuroscience methods},
  Year                     = {2007},
  Number                   = {1},
  Pages                    = {149--162},
  Volume                   = {160},
  Publisher                = {Elsevier},
  File                     = {:zhang2007novel.pdf:PDF}
}

@Article{zhang20083d,
  Title                    = {3D axon structure extraction and analysis in confocal fluorescence microscopy images},
  Author                   = {Zhang, Yong and Zhou, Xiaobo and Lu, Ju and Lichtman, Jeff and Adjeroh, Donald and Wong, Stephen TC},
  Journal                  = {Neural computation},
  Year                     = {2008},
  Number                   = {8},
  Pages                    = {1899--1927},
  Volume                   = {20},
  Publisher                = {MIT Press},
  File                     = {:zhang20083d.pdf:PDF}
}

@Article{zhao2011automated,
  Title                    = {Automated reconstruction of neuronal morphology based on local geometrical and global structural models},
  Author                   = {Zhao, Ting and Xie, Jun and Amat, Fernando and Clack, Nathan and Ahammad, Parvez and Peng, Hanchuan and Long, Fuhui and Myers, Eugene},
  Journal                  = {Neuroinformatics},
  Year                     = {2011},
  Number                   = {2-3},
  Pages                    = {247--261},
  Volume                   = {9},
  Publisher                = {Springer},
  File                     = {:zhao2011automated.pdf:PDF}
}

@InProceedings{zhou2007vascular,
  Title                    = {Vascular structure segmentation and bifurcation detection},
  Author                   = {Zhou, Jinghao and Chang, Sukmoon and Metaxas, Dimitris and Axel, Leon},
  Booktitle                = {Biomedical Imaging: From Nano to Macro, 2007. ISBI 2007. 4th IEEE International Symposium on},
  Year                     = {2007},
  Organization             = {IEEE},
  Pages                    = {872--875},

  File                     = {:zhou2007vascular.pdf:PDF}
}

@article{bray1973branching,
  title={Branching patterns of individual sympathetic neurons in culture},
  author={Bray, D},
  journal={The Journal of cell biology},
  volume={56},
  number={3},
  pages={702--712},
  year={1973},
  publisher={Rockefeller Univ Press},
  File                     = {:bray1973branching.pdf:PDF}
}

@article{bevilacquaretina,
  title={RETINA IMAGES PROCESSING USING GENETIC ALGORITHM AND MAXIMUM LIKELIHOOD METHOD},
  author={Bevilacqua, Vitoantonio and Mastronardi, Giuseppe and Colaninno, Andrea and D’Addabbo, Annarita},
  File                     = {:bevilacquaretina.pdf:PDF}
}

@article{bevilacqua2009comparison,
  title={A Comparison Between a Geometrical and an ANN Based Method for Retinal Bifurcation Points Extraction.},
  author={Bevilacqua, Vitoantonio and Cariello, Lucia and Giannini, Marco and Mastronardi, Giuseppe and Santarcangelo, Vito and Scaramuzzi, Rocco and Troccoli, Antonella},
  journal={J. UCS},
  volume={15},
  number={13},
  pages={2608--2621},
  year={2009},
  File                     = {:bevilacqua2009comparison.pdf:PDF}
}

@article{kalitzin1998topological,
  title={Topological numbers and singularities in scalar images: Scale-space evolution properties},
  author={Kalitzin, Stiliyan N and Romeny, Bart M Ter Haar and Salden, Alfons H and Nacken, Peter FM and Viergever, Max A},
  journal={Journal of Mathematical Imaging and Vision},
  volume={9},
  number={3},
  pages={253--269},
  year={1998},
  publisher={Springer},
  File                     = {:kalitzin1998topological.pdf:PDF}
}

@inproceedings{mottini2012axon,
  title={Axon extraction from fluorescent confocal microscopy images},
  author={Mottini, Alejandro and Descombes, Xavier and Besse, Florence},
  booktitle={Biomedical Imaging (ISBI), 2012 9th IEEE International Symposium on},
  pages={764--767},
  year={2012},
  organization={IEEE},
  File                     = {:mottini2012axon.pdf:PDF}
}

@article{scorcioni2004quantitative,
  title={Quantitative morphometry of hippocampal pyramidal cells: differences between anatomical classes and reconstructing laboratories},
  author={Scorcioni, Ruggero and Lazarewicz, Maciej T and Ascoli, Giorgio A},
  journal={Journal of Comparative Neurology},
  volume={473},
  number={2},
  pages={177--193},
  year={2004},
  publisher={Wiley Online Library},
  File                     = {:scorcioni2004quantitative.pdf:PDF}
}

@article{rodriguez2003automated,
  title={Automated reconstruction of three-dimensional neuronal morphology from laser scanning microscopy images},
  author={Rodriguez, Alfredo and Ehlenberger, Douglas and Kelliher, Kevin and Einstein, Michael and Henderson, Scott C and Morrison, John H and Hof, Patrick R and Wearne, Susan L},
  journal={Methods},
  volume={30},
  number={1},
  pages={94--105},
  year={2003},
  publisher={Elsevier},
  File                     = {:rodriguez2003automated.pdf:PDF}
}

@article{kawabe2010regulation,
  title={Regulation of Rap2A by the ubiquitin ligase Nedd4-1 controls neurite development},
  author={Kawabe, Hiroshi and Neeb, Antje and Dimova, Kalina and Young Jr, Samuel M and Takeda, Michiko and Katsurabayashi, Shutaro and Mitkovski, Miso and Malakhova, Oxana A and Zhang, Dong-Er and Umikawa, Masato and others},
  journal={Neuron},
  volume={65},
  number={3},
  pages={358--372},
  year={2010},
  publisher={Elsevier},
  File                     = {:kawabe2010regulation.pdf:PDF}
}

@article{lin2010mechanisms,
  title={Mechanisms of synapse and dendrite maintenance and their disruption in psychiatric and neurodegenerative disorders},
  author={Lin, Yu-Chih and Koleske, Anthony J},
  journal={Annual review of neuroscience},
  volume={33},
  pages={349},
  year={2010},
  publisher={NIH Public Access},
  File                     = {:lin2010mechanisms.pdf:PDF}
}

@incollection{frangi1998multiscale,
  title={Multiscale vessel enhancement filtering},
  author={Frangi, Alejandro F and Niessen, Wiro J and Vincken, Koen L and Viergever, Max A},
  booktitle={Medical Image Computing and Computer-Assisted Interventation—MICCAI’98},
  pages={130--137},
  year={1998},
  publisher={Springer},
  File                     = {:frangi1998multiscale.pdf:PDF}
}

@article{glaser1965semi,
  title={A semi-automatic computer-microscope for the analysis of neuronal morphology},
  author={Glaser, EM and Van der Loos, H},
  journal={Biomedical Engineering, IEEE Transactions on},
  number={1},
  pages={22--31},
  year={1965},
  publisher={IEEE},
  File                     = {:glaser1965semi.pdf:PDF}
}

@article{meijering2010neuron,
  title={Neuron tracing in perspective},
  author={Meijering, Erik},
  journal={Cytometry Part A},
  volume={77},
  number={7},
  pages={693--704},
  year={2010},
  publisher={Wiley Online Library},
  File                     = {:meijering2010neuron.pdf:PDF}
}

@article{san1991quantitation,
  title={Quantitation of the growth-associated protein B-50/GAP-43 and neurite outgrowth in PC12 cells},
  author={San, ERA and Schmidt-Michels, MH and Spruijt, BM and Oestreicher, AB and Schotman, P and Gispen, WH},
  journal={Journal of neuroscience research},
  volume={29},
  number={2},
  pages={149--154},
  year={1991},
  publisher={Wiley Online Library},
  File                     = {:san1991quantitation.pdf:PDF}
}

@incollection{scheuermann2013efficient,
  title={Efficient Pixel-Grouping Based on Dempster’s Theory of Evidence for Image Segmentation},
  author={Scheuermann, Bj{\"o}rn and Schlosser, Markus and Rosenhahn, Bodo},
  booktitle={Computer Vision--ACCV 2012},
  pages={745--759},
  year={2013},
  publisher={Springer},
  File                     = {:scheuermann2013efficient.pdf:PDF}
}

@inproceedings{adamek2007using,
  title={Using dempster-shafer theory to fuse multiple information sources in region-based segmentation},
  author={Adamek, Tomasz and O'Connor, Noel E},
  booktitle={Image Processing, 2007. ICIP 2007. IEEE International Conference on},
  volume={2},
  pages={II--269},
  year={2007},
  organization={IEEE},
  File                     = {:adamek2007using.pdf:PDF}
}

@article{chaabane2009dempster,
  title={Dempster-Shafer evidence theory for image segmentation: application in cells images},
  author={Chaabane, S Ben and Sayadi, M and Fnaiech, F and Brassart, E},
  journal={International Journal of Signal Processing},
  volume={5},
  number={1},
  year={2009},
  publisher={Citeseer},
  File                     = {:chaabane2009dempster.pdf:PDF}
}

@incollection{benseghir2013iterative,
  title={Iterative Closest Curve: a Framework for Curvilinear Structure Registration Application to 2D/3D Coronary Arteries Registration},
  author={Benseghir, Thomas and Malandain, Gr{\'e}goire and Vaillant, R{\'e}gis},
  booktitle={Medical Image Computing and Computer-Assisted Intervention--MICCAI 2013},
  pages={179--186},
  year={2013},
  publisher={Springer},
  File                     = {:benseghir2013iterative.pdf:PDF}
}

@article{doyle1962operations,
  title={Operations useful for similarity-invariant pattern recognition},
  author={Doyle, Worthie},
  journal={Journal of the ACM (JACM)},
  volume={9},
  number={2},
  pages={259--267},
  year={1962},
  publisher={ACM},
  File                     = {:doyle1962operations.pdf:PDF}
}

@article{zadeh1975fuzzy,
  title={Fuzzy logic and approximate reasoning},
  author={Zadeh, Lotfi A},
  journal={Synthese},
  volume={30},
  number={3-4},
  pages={407--428},
  year={1975},
  publisher={Springer}
}

@article{zadeh1988fuzzy,
  title={Fuzzy logic},
  author={Zadeh, Lofti A},
  journal={Computer},
  volume={21},
  number={4},
  pages={83--93},
  year={1988},
  publisher={IEEE Computer Society},
  File                     = {:zadeh1988fuzzy.pdf:PDF}
}

@article{kapur1985new,
  title={A new method for gray-level picture thresholding using the entropy of the histogram},
  author={Kapur, Jagat Narain and Sahoo, Prasanna K and Wong, Andrew KC},
  journal={Computer vision, graphics, and image processing},
  volume={29},
  number={3},
  pages={273--285},
  year={1985},
  publisher={Elsevier},
  File                     = {:kapur1985new.pdf:PDF}
}

@inproceedings{forstner1987fast,
  title={A fast operator for detection and precise location of distinct points, corners and centres of circular features},
  author={F{\"o}rstner, Wolfgang and G{\"u}lch, Eberhard},
  booktitle={Proc. ISPRS intercommission conference on fast processing of photogrammetric data},
  pages={281--305},
  year={1987}
}

@inproceedings{hinz2005fast,
  title={Fast and subpixel precise blob detection and attribution},
  author={Hinz, Stefan},
  booktitle={Image Processing, 2005. ICIP 2005. IEEE International Conference on},
  volume={3},
  pages={III--457},
  year={2005},
  organization={IEEE}
}

@article{arganda20103d,
  title={3D reconstruction of histological sections: Application to mammary gland tissue},
  author={Arganda-Carreras, Ignacio and Fern{\'a}ndez-Gonz{\'a}lez, Rodrigo and Mu{\~n}oz-Barrutia, Arrate and Ortiz-De-Solorzano, Carlos},
  journal={Microscopy research and technique},
  volume={73},
  number={11},
  pages={1019--1029},
  year={2010},
  publisher={Wiley Online Library},
 File                     = {:arganda20103d.pdf:PDF}
}

@article{peng2014extensible,
  title={Extensible visualization and analysis for multidimensional images using Vaa3D},
  author={Peng, Hanchuan and Bria, Alessandro and Zhou, Zhi and Iannello, Giulio and Long, Fuhui},
  journal={Nature protocols},
  volume={9},
  number={1},
  pages={193--208},
  year={2014},
  publisher={Nature Publishing Group}
}

@article{lee1994building,
  title={Building skeleton models via 3-D medial surface axis thinning algorithms},
  author={Lee, Ta-Chih and Kashyap, Rangasami L and Chu, Chong-Nam},
  journal={CVGIP: Graphical Models and Image Processing},
  volume={56},
  number={6},
  pages={462--478},
  year={1994},
  publisher={Elsevier}
}

@article{schindelin2012fiji,
  title={Fiji: an open-source platform for biological-image analysis},
  author={Schindelin, Johannes and Arganda-Carreras, Ignacio and Frise, Erwin and Kaynig, Verena and Longair, Mark and Pietzsch, Tobias and Preibisch, Stephan and Rueden, Curtis and Saalfeld, Stephan and Schmid, Benjamin and others},
  journal={Nature methods},
  volume={9},
  number={7},
  pages={676--682},
  year={2012},
  publisher={Nature Publishing Group},
  File                     = {:schindelin2012fiji.pdf:PDF}
}

@article{cannon1998line,
  title={An on-line archive of reconstructed hippocampal neurons},
  author={Cannon, RC and Turner, DA and Pyapali, GK and Wheal, HV},
  journal={Journal of neuroscience methods},
  volume={84},
  number={1},
  pages={49--54},
  year={1998},
  publisher={Elsevier},
  File                     = {:cannon1998line.pdf:PDF}
}

@article{andres20123d,
  title={3D segmentation of SBFSEM images of neuropil by a graphical model over supervoxel boundaries},
  author={Andres, Bjoern and Koethe, Ullrich and Kroeger, Thorben and Helmstaedter, Moritz and Briggman, Kevin L and Denk, Winfried and Hamprecht, Fred A},
  journal={Medical image analysis},
  volume={16},
  number={4},
  pages={796--805},
  year={2012},
  publisher={Elsevier},
  File                     = {:andres20123d.pdf:PDF}
}

@article{heumann2009tree,
  title={The tree-edit-distance, a measure for quantifying neuronal morphology},
  author={Heumann, Holger and Wittum, Gabriel},
  journal={Neuroinformatics},
  volume={7},
  number={3},
  pages={179--190},
  year={2009},
  publisher={Springer},
  File                     = {:heumann2009tree.pdf:PDF}
}

@article{gillette2009comparing,
  title={On comparing neuronal morphologies with the constrained tree-edit-distance},
  author={Gillette, Todd A and Grefenstette, John J},
  journal={Neuroinformatics},
  volume={7},
  number={3},
  pages={191--194},
  year={2009},
  publisher={Springer},
  File                     = {:gillette2009comparing.pdf:PDF}
}

@article{al2002rapid,
  title={Rapid automated three-dimensional tracing of neurons from confocal image stacks},
  author={Al-Kofahi, Khalid A and Lasek, Sharie and Szarowski, Donald H and Pace, Christopher J and Nagy, George and Turner, James N and Roysam, Badrinath},
  journal={Information Technology in Biomedicine, IEEE Transactions on},
  volume={6},
  number={2},
  pages={171--187},
  year={2002},
  publisher={IEEE},
  File                     = {:al2002rapid.pdf:PDF}
}

@article{cohen1994automated,
  title={Automated tracing and volume measurements of neurons from 3-D confocal fluorescence microscopy data},
  author={Cohen, AR and Roysam, B and Turner, JN},
  journal={Journal of microscopy},
  volume={173},
  number={2},
  pages={103--114},
  year={1994},
  publisher={Wiley Online Library},
  File                     = {:cohen1994automated.pdf:PDF}
}

@article{gillette2011diademchallenge,
  title={DIADEMchallenge. Org: a compendium of resources fostering the continuous development of automated neuronal reconstruction},
  author={Gillette, Todd A and Brown, Kerry M and Svoboda, Karel and Liu, Yuan and Ascoli, Giorgio A},
  journal={Neuroinformatics},
  volume={9},
  number={2},
  pages={303--304},
  year={2011},
  publisher={Springer},
  File                     = {:gillette2011diademchallenge.pdf:PDF}
}

@article{lu2009semi,
  title={Semi-automated reconstruction of neural processes from large numbers of fluorescence images},
  author={Lu, Ju and Fiala, John C and Lichtman, Jeff W},
  journal={PLoS One},
  volume={4},
  number={5},
  pages={e5655},
  year={2009},
  publisher={Public Library of Science},
  File                     = {:lu2009semi.pdf:PDF}
}

@article{narro2007neuronmetrics,
  title={NeuronMetrics: software for semi-automated processing of cultured neuron images},
  author={Narro, Martha L and Yang, Fan and Kraft, Robert and Wenk, Carola and Efrat, Alon and Restifo, Linda L},
  journal={Brain research},
  volume={1138},
  pages={57--75},
  year={2007},
  publisher={Elsevier},
  File                     = {:narro2007neuronmetrics.pdf:PDF}
}

@article{rodriguez2008automated,
  title={Automated three-dimensional detection and shape classification of dendritic spines from fluorescence microscopy images},
  author={Rodriguez, Alfredo and Ehlenberger, Douglas B and Dickstein, Dara L and Hof, Patrick R and Wearne, Susan L},
  journal={PloS one},
  volume={3},
  number={4},
  pages={e1997},
  year={2008},
  publisher={Public Library of Science},
  File                     = {:rodriguez2008automated.pdf:PDF}
}

@article{vallotton2007automated,
  title={Automated analysis of neurite branching in cultured cortical neurons using HCA-Vision},
  author={Vallotton, Pascal and Lagerstrom, Ryan and Sun, Changming and Buckley, Michael and Wang, Dadong and De Silva, Melanie and Tan, Seong-Seng and Gunnersen, Jenny M},
  journal={Cytometry Part A},
  volume={71},
  number={10},
  pages={889--895},
  year={2007},
  publisher={Wiley Online Library},
  File                     = {:vallotton2007automated.pdf:PDF}
}

@article{turetken2011automated,
  title={Automated reconstruction of dendritic and axonal trees by global optimization with geometric priors},
  author={T{\"u}retken, Engin and Gonz{\'a}lez, Germ{\'a}n and Blum, Christian and Fua, Pascal},
  journal={Neuroinformatics},
  volume={9},
  number={2-3},
  pages={279--302},
  year={2011},
  publisher={Springer},
  File                     = {:turetken2011automated.pdf:PDF}
}

@article{radojeviccritical,
  title={Critical Points Detection in Neuron Microscopy Images},
  author={Radojevic, Miroslav and Smal, Ihor and Niessen, Wiro and Meijering, Erik}
}

@incollection{doucet2001introduction,
  title={An introduction to sequential Monte Carlo methods},
  author={Doucet, Arnaud and De Freitas, Nando and Gordon, Neil},
  booktitle={Sequential Monte Carlo methods in practice},
  pages={3--14},
  year={2001},
  publisher={Springer}
}

@inproceedings{julier1997new,
  title={A new extension of the Kalman filter to nonlinear systems},
  author={Julier, Simon J and Uhlmann, Jeffrey K},
  booktitle={Int. symp. aerospace/defense sensing, simul. and controls},
  volume={3},
  number={26},
  pages={3--2},
  year={1997},
  organization={Orlando, FL},
  File                     = {:julier1997new.pdf:PDF}
}

@book{sarkka2013bayesian,
  title={Bayesian filtering and smoothing},
  author={S{\"a}rkk{\"a}, Simo},
  volume={3},
  year={2013},
  publisher={Cambridge University Press}
}

@article{ho1964bayesian,
  title={A Bayesian approach to problems in stochastic estimation and control},
  author={Ho, Yu-Chi and Lee, RCKA},
  journal={Automatic Control, IEEE Transactions on},
  volume={9},
  number={4},
  pages={333--339},
  year={1964},
  publisher={IEEE},
  File                     = {:ho1964bayesian.pdf:PDF}
}

@article{mihaljevic2014bayesian,
  title={Bayesian network classifiers for categorizing cortical GABAergic interneurons},
  author={Mihaljevi{\'c}, Bojan and Benavides-Piccione, Ruth and Bielza, Concha and DeFelipe, Javier and Larra{\~n}aga, Pedro},
  journal={Neuroinformatics},
  pages={1--16},
  year={2014},
  publisher={Springer},
File                     = {:mihaljevic2014bayesian.pdf:PDF}
}

@article{mihaljevic2014multi,
  title={Multi-dimensional classification of GABAergic interneurons with Bayesian network-modeled label uncertainty},
  author={Mihaljevi{\'c}, Bojan and Bielza, Concha and Benavides-Piccione, Ruth and DeFelipe, Javier and Larra{\~n}aga, Pedro},
  journal={Frontiers in Computational Neuroscience},
  volume={8},
  pages={150},
  year={2014},
  publisher={Frontiers},
File                     = {:mihaljevic2014multi.pdf:PDF}
}

@article{azzopardi2013automatic,
  title={Automatic detection of vascular bifurcations in segmented retinal images using trainable COSFIRE filters},
  author={Azzopardi, George and Petkov, Nicolai},
  journal={Pattern Recognition Letters},
  volume={34},
  number={8},
  pages={922--933},
  year={2013},
  publisher={Elsevier},
File                     = {:azzopardi2013automatic.pdf:PDF}
}

@article{jimenez2014improved,
  title={Improved Automatic Centerline Tracing for Dendritic and Axonal Structures},
  author={Jim{\'e}nez, David and Labate, Demetrio and Kakadiaris, Ioannis A and Papadakis, Manos},
  journal={Neuroinformatics},
  pages={1--18},
  year={2014},
  publisher={Springer},
File                     = {:jimenez2014improved.pdf:PDF}
}

@article{horn1983curve,
  title={The curve of least energy},
  author={Horn, Berthold KP},
  journal={ACM Transactions on Mathematical Software (TOMS)},
  volume={9},
  number={4},
  pages={441--460},
  year={1983},
  publisher={ACM},
  File                     = {:horn1983curve.pdf:PDF}
}

@article{goldstein2010geometric,
  title={Geometric applications of the split Bregman method: segmentation and surface reconstruction},
  author={Goldstein, Tom and Bresson, Xavier and Osher, Stanley},
  journal={Journal of Scientific Computing},
  volume={45},
  number={1-3},
  pages={272--293},
  year={2010},
  publisher={Springer},
  File                     = {:goldstein2010geometric.pdf:PDF}
}

@inproceedings{sironi2014multiscale,
  title={Multiscale Centerline Detection by Learning a Scale-Space Distance Transform},
  author={Sironi, Amos and Lepetit, Vincent and Fua, Pascal},
  booktitle={Computer Vision and Pattern Recognition (CVPR), 2014 IEEE Conference on},
  pages={2697--2704},
  year={2014},
  organization={IEEE},
  File                     = {:sironi2014multiscale.pdf:PDF}
}

@article{shamir2008source,
  title={Source Code for Biology and Medicine},
  author={Shamir, Lior and Orlov, Nikita and Eckley, D Mark and Macura, Tomasz and Johnston, Josiah and Goldberg, Ilya G},
  journal={Source code for biology and medicine},
  volume={3},
  pages={13},
  year={2008},
File                     = {:shamir2008source.pdf:PDF}
}

@article{orlov2008wnd,
  title={WND-CHARM: Multi-purpose image classification using compound image transforms},
  author={Orlov, Nikita and Shamir, Lior and Macura, Tomasz and Johnston, Josiah and Eckley, D Mark and Goldberg, Ilya G},
  journal={Pattern recognition letters},
  volume={29},
  number={11},
  pages={1684--1693},
  year={2008},
  publisher={Elsevier},
File                     = {:orlov2008wnd.pdf:PDF}
}

@inproceedings{foncubierta2013medical,
  title={Medical image retrieval using bag of meaningful visual words: unsupervised visual vocabulary pruning with PLSA},
  author={Foncubierta-Rodr{\'\i}guez, Antonio and Garc{\'\i}a Seco de Herrera, Alba and M{\"u}ller, Henning},
  booktitle={Proceedings of the 1st ACM international workshop on Multimedia indexing and information retrieval for healthcare},
  pages={75--82},
  year={2013},
  organization={ACM},
File                     = {:foncubierta2013medical.pdf:PDF}
}

@article{lowe2004distinctive,
  title={Distinctive image features from scale-invariant keypoints},
  author={Lowe, David G},
  journal={International journal of computer vision},
  volume={60},
  number={2},
  pages={91--110},
  year={2004},
  publisher={Springer},
File                     = {:lowe2004distinctive.pdf:PDF}
}

@inproceedings{dalal2005histograms,
  title={Histograms of oriented gradients for human detection},
  author={Dalal, Navneet and Triggs, Bill},
  booktitle={Computer Vision and Pattern Recognition, 2005. CVPR 2005. IEEE Computer Society Conference on},
  volume={1},
  pages={886--893},
  year={2005},
  organization={IEEE},
File                     = {:dalal2005histograms.pdf:PDF}
}

@article{depeursinge2014three,
  title={Three-dimensional solid texture analysis in biomedical imaging: Review and opportunities},
  author={Depeursinge, Adrien and Foncubierta-Rodriguez, Antonio and Van De Ville, Dimitri and M{\"u}ller, Henning},
  journal={Medical image analysis},
  volume={18},
  number={1},
  pages={176--196},
  year={2014},
  publisher={Elsevier},
File                     = {:depeursinge2014three.pdf:PDF}
}

@article{shamir2010pattern,
  title={Pattern recognition software and techniques for biological image analysis},
  author={Shamir, Lior and Delaney, John D and Orlov, Nikita and Eckley, D Mark and Goldberg, Ilya G},
  journal={PLoS computational biology},
  volume={6},
  number={11},
  pages={e1000974},
  year={2010},
  publisher={Public Library of Science},
File                     = {:shamir2010pattern.pdf:PDF}
}

@article{zhang2005automatic,
  title={Automatic detection of three-dimensional vascular tree centerlines and bifurcations in high-resolution magnetic resonance angiography},
  author={Zhang, Ling and Chapman, Brian E and Parker, Dennis L and Roberts, John A and Guo, Junyu and Vemuri, Prashanthi and Moon, Sung M and Noo, Frederic},
  journal={Investigative radiology},
  volume={40},
  number={10},
  pages={661--671},
  year={2005},
  publisher={LWW},
  File                     = {:zhang2005automatic.pdf:PDF}
}

@article{lebrun2013nonlocal,
  title={A nonlocal bayesian image denoising algorithm},
  author={Lebrun, M and Buades, Antoni and Morel, Jean-Michel},
  journal={SIAM Journal on Imaging Sciences},
  volume={6},
  number={3},
  pages={1665--1688},
  year={2013},
  publisher={SIAM},
  File = {:lebrun2013nonlocal.pdf:PDF}
}

@inproceedings{fox2007hierarchical,
  title={Hierarchical Dirichlet processes for tracking maneuvering targets},
  author={Fox, Emily B and Sudderth, Erik B and Willsky, Alan S},
  booktitle={Information Fusion, 2007 10th International Conference on},
  pages={1--8},
  year={2007},
  organization={IEEE},
  File = {:fox2007hierarchical.pdf:PDF}
}

@article{mutterer2013quick,
  title={Quick-and-clean article figures with FigureJ},
  author={Mutterer, J and Zinck, E},
  journal={Journal of microscopy},
  volume={252},
  number={1},
  pages={89--91},
  year={2013},
  publisher={Wiley Online Library},
  File = {:mutterer2013quick.pdf:PDF}
}

@article{shuang2014fast,
  title={Fast Step Transition and State Identification (STaSI) for Discrete Single-Molecule Data Analysis},
  author={Shuang, Bo and Cooper, David and Taylor, J Nick and Kisley, Lydia and Chen, Jixin and Wang, Wenxiao and Li, Chun Biu and Komatsuzaki, Tamiki and Landes, Christy F},
  journal={The journal of physical chemistry letters},
  volume={5},
  number={18},
  pages={3157--3161},
  year={2014},
  publisher={ACS Publications},
  File = {:shuang2014fast.pdf:PDF}
}

@inproceedings{streit2009phd,
  title={PHD intensity filtering is one step of a MAP estimation algorithm for positron emission tomography},
  author={Streit, Roy L},
  booktitle={Information Fusion, 2009. FUSION'09. 12th International Conference on},
  pages={308--315},
  year={2009},
  organization={IEEE},
  File = {:streit2009phd.pdf:PDF}
}

@article{yan2013automated,
  title={Automated and accurate detection of soma location and surface morphology in large-scale 3D neuron images},
  author={Yan, Cheng and Li, Anan and Zhang, Bin and Ding, Wenxiang and Luo, Qingming and Gong, Hui},
  journal={PloS one},
  volume={8},
  number={4},
  pages={e62579},
  year={2013},
  publisher={Public Library of Science},
File = {:yan2013automated.pdf:PDF}
}

@article{ho2011neurphologyj,
  title={NeurphologyJ: An automatic neuronal morphology quantification method and its application in pharmacological discovery},
  author={Ho, Shinn-Ying and Chao, Chih-Yuan and Huang, Hui-Ling and Chiu, Tzai-Wen and Charoenkwan, Phasit and Hwang, Eric},
  journal={BMC bioinformatics},
  volume={12},
  number={1},
  pages={230},
  year={2011},
  publisher={BioMed Central Ltd},
File = {:ho2011neurphologyj.pdf:PDF}
}

@article{paul2013coupling,
  title={Coupling image restoration and segmentation: a generalized linear model/Bregman perspective},
  author={Paul, Gr{\'e}gory and Cardinale, Janick and Sbalzarini, Ivo F},
  journal={International Journal of Computer Vision},
  volume={104},
  number={1},
  pages={69--93},
  year={2013},
  publisher={Springer},
  File = {:paul2013coupling.pdf:PDF}
}

@article{cardinale2012discrete,
  title={Discrete region competition for unknown numbers of connected regions},
  author={Cardinale, Janick and Paul, Gr{\'e}gory and Sbalzarini, Ivo F},
  journal={Image Processing, IEEE Transactions on},
  volume={21},
  number={8},
  pages={3531--3545},
  year={2012},
  publisher={IEEE},
  File = {:cardinale2012discrete.pdf:PDF}
}

@article{azzopardi2013trainable,
  title={Trainable COSFIRE filters for keypoint detection and pattern recognition},
  author={Azzopardi, George and Petkov, Nicolai},
  journal={Pattern Analysis and Machine Intelligence, IEEE Transactions on},
  volume={35},
  number={2},
  pages={490--503},
  year={2013},
  publisher={IEEE},
  File = {:azzopardi2013trainable.pdf:PDF}
}

@inproceedings{montemerlo2002fastslam,
  title={FastSLAM: A factored solution to the simultaneous localization and mapping problem},
  author={Montemerlo, Michael and Thrun, Sebastian and Koller, Daphne and Wegbreit, Ben and others},
  booktitle={AAAI/IAAI},
  pages={593--598},
  year={2002},
  File = {:montemerlo2002fastslam.pdf:PDF}
}

@inproceedings{ribas2007underwater,
  title={Underwater SLAM in a marina environment},
  author={Ribas Romag{\'o}s, David and Ridao Rodr{\'\i}guez, Pere and Tard{\'o}s, Juan Domingo and Neira Parra, Jos{\'e}},
  booktitle={{\copyright} IEEE/RSJ International Conference on Intelligent Robots and Systems: 2007: IROS 2007, 2007, p. 1455-1460},
  year={2007},
  organization={IEEE},
  File = {:ribas2007underwater.pdf:PDF}
}

@incollection{turetken2010reconstructing,
  title={Reconstructing geometrically consistent tree structures from noisy images},
  author={T{\"u}retken, Engin and Blum, Christian and Gonz{\'a}lez, Germ{\'a}n and Fua, Pascal},
  booktitle={Medical Image Computing and Computer-Assisted Intervention--MICCAI 2010},
  pages={291--299},
  year={2010},
  publisher={Springer},
  File = {:turetken2010reconstructing.pdf:PDF}
}

@inproceedings{turetken2012automated,
  title={Automated reconstruction of tree structures using path classifiers and mixed integer programming},
  author={Turetken, E and Benmansour, Fethallah and Fua, Pascal},
  booktitle={Computer Vision and Pattern Recognition (CVPR), 2012 IEEE Conference on},
  pages={566--573},
  year={2012},
  organization={IEEE},
  File = {:turetken2012automated.pdf:PDF}
}

@inproceedings{turetken2013reconstructing,
  title={Reconstructing loopy curvilinear structures using integer programming},
  author={Turetken, Engin and Benmansour, Fethallah and Andres, Bjoern and Pfister, Hanspeter and Fua, Pascal},
  booktitle={Computer Vision and Pattern Recognition (CVPR), 2013 IEEE Conference on},
  pages={1822--1829},
  year={2013},
  organization={Ieee},
  File = {:turetken2013reconstructing.pdf:PDF}
}

@inproceedings{turetken2013detecting,
  title={Detecting Irregular Curvilinear Structures in Gray Scale and Color Imagery using Multi-Directional Oriented Flux},
  author={Turetken, Engin and Becker, Carlos and Glowacki, Przemyslaw and Benmansour, Fethallah and Fua, Pascal},
  booktitle={Computer Vision (ICCV), 2013 IEEE International Conference on},
  pages={1553--1560},
  year={2013},
  organization={IEEE},
  File = {:turetken2013detecting.pdf:PDF}
}

@inproceedings{gonzalez2010delineating,
  title={Delineating trees in noisy 2D images and 3D image-stacks},
  author={Gonz{\'a}lez, Germ{\'a}n and Turetken, Engin and Fleuret, Fran{\c{c}}ois and Fua, Pascal},
  booktitle={Computer Vision and Pattern Recognition (CVPR), 2010 IEEE Conference on},
  pages={2799--2806},
  year={2010},
  organization={IEEE},
  File = {:gonzalez2010delineating.pdf:PDF}
}

@article{saff1997distributing,
  title={Distributing many points on a sphere},
  author={Saff, Edward B and Kuijlaars, A BJ},
  journal={The mathematical intelligencer},
  volume={19},
  number={1},
  pages={5--11},
  year={1997},
  publisher={Springer},
  File = {:saff1997distributing.pdf:PDF}
}

@incollection{schaap2007bayesian,
  title={Bayesian tracking of tubular structures and its application to carotid arteries in CTA},
  author={Schaap, Michiel and Manniesing, Rashindra and Smal, Ihor and Van Walsum, Theo and Van Der Lugt, Aad and Niessen, Wiro},
  booktitle={Medical Image Computing and Computer-Assisted Intervention--MICCAI 2007},
  pages={562--570},
  year={2007},
  publisher={Springer},
  File = {:schaap2007bayesian.pdf:PDF}
}

@article{kovesi2000phase,
  title={Phase congruency: A low-level image invariant},
  author={Kovesi, Peter},
  journal={Psychological research},
  volume={64},
  number={2},
  pages={136--148},
  year={2000},
  publisher={Springer},
  File = {:kovesi2000phase.pdf:PDF}
}

@inproceedings{wang2007dynamic,
  title={Dynamic local tracing for 3d axon curvilinear structure detection from microscopic image stack},
  author={Wang, Jun and Zhou, Xiaobo and Lu, Ju and Lichtman, Jeff and Chang, Shih-Fu and Wong, Stephen TC},
  booktitle={Biomedical Imaging: From Nano to Macro, 2007. ISBI 2007. 4th IEEE International Symposium on},
  pages={81--84},
  year={2007},
  organization={IEEE},
  File = {:wang2007dynamic.pdf:PDF}
}

@article{luisi2011farsight,
  title={The FARSIGHT trace editor: an open source tool for 3-D inspection and efficient pattern analysis aided editing of automated neuronal reconstructions},
  author={Luisi, Jonathan and Narayanaswamy, Arunachalam and Galbreath, Zachary and Roysam, Badrinath},
  journal={Neuroinformatics},
  volume={9},
  number={2-3},
  pages={305--315},
  year={2011},
  publisher={Springer},
  File = {:luisi2011farsight.pdf:PDF}
}

@article{benmansour2011tubular,
  title={Tubular structure segmentation based on minimal path method and anisotropic enhancement},
  author={Benmansour, Fethallah and Cohen, Laurent D},
  journal={International Journal of Computer Vision},
  volume={92},
  number={2},
  pages={192--210},
  year={2011},
  publisher={Springer},
  File = {:benmansour2011tubular.pdf:PDF}
}

@article{jurrus2009axon,
  title={Axon tracking in serial block-face scanning electron microscopy},
  author={Jurrus, Elizabeth and Hardy, Melissa and Tasdizen, Tolga and Fletcher, P Thomas and Koshevoy, Pavel and Chien, Chi-Bin and Denk, Winfried and Whitaker, Ross},
  journal={Medical image analysis},
  volume={13},
  number={1},
  pages={180--188},
  year={2009},
  publisher={Elsevier},
  File = {:jurrus2009axon.pdf:PDF}
}

@article{peng2011proof,
  title={Proof-editing is the bottleneck of 3D neuron reconstruction: the problem and solutions},
  author={Peng, Hanchuan and Long, Fuhui and Zhao, Ting and Myers, Eugene},
  journal={Neuroinformatics},
  volume={9},
  number={2-3},
  pages={103--105},
  year={2011},
  publisher={Springer},
  File = {:peng2011proof.pdf:PDF}
}

@article{santamaria2015automatic,
  title={Automatic Morphological Reconstruction of Neurons from Multiphoton and Confocal Microscopy Images Using 3D Tubular Models},
  author={Santamar{\'\i}a-Pang, Alberto and Hernandez-Herrera, Paul and Papadakis, Manos and Saggau, Peter and Kakadiaris, Ioannis A},
  journal={Neuroinformatics},
  pages={1--24},
  year={2015},
  publisher={Springer},
  File = {:santamaria2015automatic.pdf:PDF}
}

@article{feng2015neutube,
  title={neuTube 1.0: A New Design for Efficient Neuron Reconstruction Software Based on the SWC Format},
  author={Feng, Linqing and Zhao, Ting and Kim, Jinhyun},
  journal={eneuro},
  volume={2},
  number={1},
  pages={ENEURO--0049},
  year={2015},
  publisher={eneuro},
  File = {:feng2015neutube.pdf:PDF}
}

@article{rezakhaniha2012experimental,
  title={Experimental investigation of collagen waviness and orientation in the arterial adventitia using confocal laser scanning microscopy},
  author={Rezakhaniha, Rana and Agianniotis, Aristotelis and Schrauwen, Jelle Tymen Christiaan and Griffa, Alessandra and Sage, Daniel and Bouten, CVC and Van de Vosse, FN and Unser, Micha{\"e}l and Stergiopulos, Nikolaos},
  journal={Biomechanics and modeling in mechanobiology},
  volume={11},
  number={3-4},
  pages={461--473},
  year={2012},
  publisher={Springer},
  File = {:rezakhaniha2012experimental.pdf:PDF}
}

@article{vo2013robust,
  title={Robust multi-Bernoulli filtering},
  author={Vo, Ba-Tuong and Vo, Ba-Ngu and Hoseinnezhad, Reza and Mahler, Ronald PS},
  journal={Selected Topics in Signal Processing, IEEE Journal of},
  volume={7},
  number={3},
  pages={399--409},
  year={2013},
  publisher={IEEE},
  File = {:vo2013robust.pdf:PDF}
}

@article{mahler2013statistics,
  title={“Statistics 102” for Multisource-Multitarget Detection and Tracking},
  author={Mahler, Ronald},
  journal={Selected Topics in Signal Processing, IEEE Journal of},
  volume={7},
  number={3},
  pages={376--389},
  year={2013},
  publisher={IEEE},
  File = {:mahler2013statistics.pdf:PDF}
}

@article{chen2003bayesian,
  title={Bayesian filtering: From Kalman filters to particle filters, and beyond},
  author={Chen, Zhe},
  journal={Statistics},
  volume={182},
  number={1},
  pages={1--69},
  year={2003},
  File = {:chen2003bayesian.pdf:PDF}
}

@article{yi2013efficient,
  title={An efficient multi-frame track-before-detect algorithm for multi-target tracking},
  author={Yi, Wei and Morelande, Mark R and Kong, Lingjiang and Yang, Jianyu},
  journal={Selected Topics in Signal Processing, IEEE Journal of},
  volume={7},
  number={3},
  pages={421--434},
  year={2013},
  publisher={IEEE},
  File = {:yi2013efficient.pdf:PDF}
}

@article{debanne2011axon,
  title={Axon physiology},
  author={Debanne, Dominique and Campanac, Emilie and Bialowas, Andrzej and Carlier, Edmond and Alcaraz, Gis{\`e}le},
  journal={Physiological reviews},
  volume={91},
  number={2},
  pages={555--602},
  year={2011},
  publisher={Am Physiological Soc},
  File = {:debanne2011axon.pdf:PDF}
}

@article{calderon2015inferring,
  title={Inferring Latent States and Refining Force Estimates via Hierarchical Dirichlet Process Modeling in Single Particle Tracking Experiments},
  author={Calderon, Christopher P and Bloom, Kerry S},
  journal={arXiv preprint arXiv:1501.00303},
  year={2015},
  File = {:calderon2015inferring.pdf:PDF}
}

@article{lin2014efficient,
  title={Efficient Vessel Feature Detection for Endoscopic Image Analysis},
  author={Lin, Bingxiong and Sun, Yu and Sanchez, Jaime E and Qian, Xiaoning},
  year={2014},
  publisher={IEEE},
  File = {:lin2014efficient.pdf:PDF}
}

@article{peng2015diadem,
  title={From DIADEM to BigNeuron},
  author={Peng, Hanchuan and Meijering, Erik and Ascoli, Giorgio A},
  journal={Neuroinformatics},
  pages={1--2},
  year={2015},
  publisher={Springer},
  File = {:peng2015diadem.pdf:PDF}
}

@article{cuntz2010one,
  title={One rule to grow them all: a general theory of neuronal branching and its practical application},
  author={Cuntz, Hermann and Forstner, Friedrich and Borst, Alexander and H{\"a}usser, Michael},
  journal={PLoS computational biology},
  volume={6},
  number={8},
  pages={e1000877},
  year={2010},
  publisher={Public Library of Science},
  File = {:cuntz2010one.pdf:PDF}
}

@article{peng2014virtual,
  title={Virtual finger boosts three-dimensional imaging and microsurgery as well as terabyte volume image visualization and analysis},
  author={Peng, Hanchuan and Tang, Jianyong and Xiao, Hang and Bria, Alessandro and Zhou, Jianlong and Butler, Victoria and Zhou, Zhi and Gonzalez-Bellido, Paloma T and Oh, Seung W and Chen, Jichao and others},
  journal={Nature communications},
  volume={5},
  year={2014},
  publisher={Nature Publishing Group},
  File = {:peng2014virtual.pdf:PDF}
}

@article{sotiras2013deformable,
  title={Deformable medical image registration: A survey},
  author={Sotiras, Aristeidis and Davatzikos, Christos and Paragios, Nikos},
  journal={Medical Imaging, IEEE Transactions on},
  volume={32},
  number={7},
  pages={1153--1190},
  year={2013},
  publisher={IEEE},
  File = {:sotiras2013deformable.pdf:PDF}
}

@article{hu1962visual,
  title={Visual pattern recognition by moment invariants},
  author={Hu, Ming-Kuei},
  journal={Information Theory, IRE Transactions on},
  volume={8},
  number={2},
  pages={179--187},
  year={1962},
  publisher={IEEE},
  File = {:hu1962visual.pdf:PDF}
}

@article{anjum2008multifeature,
  title={Multifeature object trajectory clustering for video analysis},
  author={Anjum, Nadeem and Cavallaro, Andrea},
  journal={Circuits and Systems for Video Technology, IEEE Transactions on},
  volume={18},
  number={11},
  pages={1555--1564},
  year={2008},
  publisher={IEEE},
  File = {:anjum2008multifeature.pdf:PDF}
}

@article{wan2015blastneuron,
  title={BlastNeuron for automated comparison, retrieval and clustering of 3D neuron morphologies},
  author={Wan, Yinan and Long, Fuhui and Qu, Lei and Xiao, Hang and Hawrylycz, Michael and Myers, Eugene W and Peng, Hanchuan},
  journal={Neuroinformatics},
  pages={1--13},
  year={2015},
  publisher={Springer},
  File = {:wan2015blastneuron.pdf:PDF}
}

@inproceedings{vo2003sequential,
  title={Sequential Monte Carlo implementation of the PHD filter for multi-target tracking},
  author={Vo, Ba-Ngu and Singh, Sumeetpal and Doucet, Arnaud},
  booktitle={Proc. Int’l Conf. on Information Fusion},
  pages={792--799},
  year={2003},
  File = {:vo2003sequential.pdf:PDF}
}

@article{sahoo1988survey,
  title={A survey of thresholding techniques},
  author={Sahoo, Prasanna K and Soltani, SAKC and Wong, Andrew KC},
  journal={Computer vision, graphics, and image processing},
  volume={41},
  number={2},
  pages={233--260},
  year={1988},
  publisher={Elsevier},
  File = {:sahoo1988survey.pdf:PDF}
}

@article{van1997quantitative,
  title={A quantitative comparison of image restoration methods for confocal microscopy},
  author={Van Kempen, GMP and Van Vliet, LJ and Verveer, PJ and Van Der Voort, HTM},
  journal={Journal of Microscopy},
  volume={185},
  number={3},
  pages={354--365},
  year={1997},
  publisher={Wiley Online Library},
  File = {:van1997quantitative.pdf:PDF}
}

@inproceedings{vo2003sequential,
  title={Sequential Monte Carlo implementation of the PHD filter for multi-target tracking},
  author={Vo, Ba-Ngu and Singh, Sumeetpal and Doucet, Arnaud},
  booktitle={Proc. Int’l Conf. on Information Fusion},
  pages={792--799},
  year={2003},
  File = {:vo2003sequential.pdf:PDF}
}

@article{zhou2015tremap,
  title={TReMAP: Automatic 3D Neuron Reconstruction Based on Tracing, Reverse Mapping and Assembling of 2D Projections},
  author={Zhou, Zhi and Liu, Xiaoxiao and Long, Brian and Peng, Hanchuan},
  journal={Neuroinformatics},
  pages={1--10},
  year={2015},
  publisher={Springer},
  File = {:zhou2015tremap.pdf:PDF}
}

@article{wan2015blastneuron,
  title={BlastNeuron for automated comparison, retrieval and clustering of 3D neuron morphologies},
  author={Wan, Yinan and Long, Fuhui and Qu, Lei and Xiao, Hang and Hawrylycz, Michael and Myers, Eugene W and Peng, Hanchuan},
  journal={Neuroinformatics},
  pages={1--13},
  year={2015},
  publisher={Springer},
  File = {:wan2015blastneuron.pdf:PDF}
}

@article{mahler2003multitarget,
  title={Multitarget Bayes filtering via first-order multitarget moments},
  author={Mahler, Ronald PS},
  journal={Aerospace and Electronic Systems, IEEE Transactions on},
  volume={39},
  number={4},
  pages={1152--1178},
  year={2003},
  publisher={IEEE},
  File = {:mahler2003multitarget.pdf:PDF}
}

@book{mahler2007statistical,
  title={Statistical multisource-multitarget information fusion},
  author={Mahler, Ronald PS},
  year={2007},
  publisher={Artech House, Inc.}
}

@book{stone2013bayesian,
  title={Bayesian multiple target tracking},
  author={Stone, Lawrence D and Streit, Roy L and Corwin, Thomas L and Bell, Kristine L},
  year={2013},
  publisher={Artech House}
}

@techreport{mahler2000theoretical,
  title={A Theoretical Foundation for the Stein-Winter" Probability Hypothesis Density (PHD)" Multitarget Tracking Approach},
  author={Mahler, Ronald P},
  year={2000},
  institution={DTIC Document},
  File = {:mahler2000theoretical.pdf:PDF}
}

I

@inproceedings{ristic2010improved,
  title={Improved SMC implementation of the PHD filter},
  author={Ristic, Branko and Clark, Daniel and Vo, Ba-Ngu},
  booktitle={Information Fusion (FUSION), 2010 13th Conference on},
  pages={1--8},
  year={2010},
  organization={IEEE},
  File = {:ristic2010improved.pdf:PDF}
}

@article{vo2007analytic,
  title={Analytic implementations of the cardinalized probability hypothesis density filter},
  author={Vo, Ba-Tuong and Vo, Ba-Ngu and Cantoni, Antonio},
  journal={Signal Processing, IEEE Transactions on},
  volume={55},
  number={7},
  pages={3553--3567},
  year={2007},
  publisher={IEEE},
  File = {:vo2007analytic.pdf:PDF}
}

@article{quan2013neurogps,
  title={NeuroGPS: automated localization of neurons for brain circuits using L1 minimization model},
  author={Quan, Tingwei and Zheng, Ting and Yang, Zhongqing and Ding, Wenxiang and Li, Shiwei and Li, Jing and Zhou, Hang and Luo, Qingming and Gong, Hui and Zeng, Shaoqun},
  journal={Scientific reports},
  volume={3},
  year={2013},
  publisher={Nature Publishing Group},
  File = {:quan2013neurogps.pdf:PDF}
}

@inproceedings{schikora2012box,
  title={Box-particle PHD filter for multi-target tracking},
  author={Schikora, Marek and Gning, Amadou and Mihaylova, Lyudmila and Cremers, Daniel and Koch, Wolfgang},
  booktitle={Information Fusion (FUSION), 2012 15th International Conference on},
  pages={106--113},
  year={2012},
  organization={IEEE},
  File = {:schikora2012box.pdf:PDF}
}

@inproceedings{juang2009tracking,
  title={Tracking cell motion using GM-PHD},
  author={Juang, Radford Ray and Levchenko, Andre and Burlina, Philippe},
  booktitle={Biomedical Imaging: From Nano to Macro, 2009. ISBI'09. IEEE International Symposium on},
  pages={1154--1157},
  year={2009},
  organization={IEEE},
  File = {:juang2009tracking.pdf:PDF}
}

@article{vo2005sequential,
  title={Sequential Monte Carlo methods for multitarget filtering with random finite sets},
  author={Vo, Ba-Ngu and Singh, Sumeetpal and Doucet, Arnaud},
  journal={Aerospace and Electronic Systems, IEEE Transactions on},
  volume={41},
  number={4},
  pages={1224--1245},
  year={2005},
  publisher={IEEE},
  File = {:vo2005sequential.pdf:PDF}
}

@article{esteves2012gradient,
  title={Gradient convergence filters and a phase congruency approach for in vivo cell nuclei detection},
  author={Esteves, Tiago and Quelhas, Pedro and Mendon{\c{c}}a, Ana Maria and Campilho, Aur{\'e}lio},
  journal={Machine Vision and Applications},
  volume={23},
  number={4},
  pages={623--638},
  year={2012},
  publisher={Springer},
  File = {:esteves2012gradient.pdf:PDF}
}

@article{bauer2014airway,
  title={Airway Tree Segmentation in Serial Block-Face Cryomicrotome Images of Rat Lungs},
  author={Bauer, Christian and Krueger, Melissa and Lamm, Wayne J and Smith, Brian J and Glenny, Robb W and Beichel, Reinhard R and others},
  journal={Biomedical Engineering, IEEE Transactions on},
  volume={61},
  number={1},
  pages={119--130},
  year={2014},
  publisher={IEEE},
  File = {:bauer2014airway.pdf:PDF}
}

@article{maggio2008efficient,
  title={Efficient multitarget visual tracking using random finite sets},
  author={Maggio, Emilio and Taj, Murtaza and Cavallaro, Andrea},
  journal={Circuits and Systems for Video Technology, IEEE Transactions on},
  volume={18},
  number={8},
  pages={1016--1027},
  year={2008},
  publisher={IEEE},
  File = {:maggio2008efficient.pdf:PDF}
}

@inproceedings{pham2007tracking,
  title={Tracking multiple objects using probability hypothesis density filter and color measurements},
  author={Pham, Nam Trung and Huang, Weimin and Ong, Sim Heng},
  booktitle={Multimedia and Expo, 2007 IEEE International Conference on},
  pages={1511--1514},
  year={2007},
  organization={IEEE},
  File = {:pham2007tracking.pdf:PDF}
}

@inproceedings{zajic2003particle,
  title={Particle-systems implementation of the PHD multitarget-tracking filter},
  author={Zajic, Tim and Mahler, Ronald PS},
  booktitle={AeroSense 2003},
  pages={291--299},
  year={2003},
  organization={International Society for Optics and Photonics},
  File = {:zajic2003particle.pdf:PDF}
}

@inproceedings{baser2012novel,
  title={A novel auxiliary particle PHD filter},
  author={Baser, Erkan and Efe, Murat},
  booktitle={Information Fusion (FUSION), 2012 15th International Conference on},
  pages={165--172},
  year={2012},
  organization={IEEE},
  File = {:baser2012novel.pdf:PDF}
}

@article{chan2001active,
  title={Active contours without edges},
  author={Chan, Tony F and Vese, Luminita and others},
  journal={Image processing, IEEE transactions on},
  volume={10},
  number={2},
  pages={266--277},
  year={2001},
  publisher={IEEE},
  File = {:chan2001active.pdf:PDF}
}

@article{xu1998snakes,
  title={Snakes, shapes, and gradient vector flow},
  author={Xu, Chenyang and Prince, Jerry L},
  journal={Image Processing, IEEE Transactions on},
  volume={7},
  number={3},
  pages={359--369},
  year={1998},
  publisher={IEEE},
  File = {:xu1998snakes.pdf:PDF}
}

@inproceedings{glass2012mimo,
  title={MIMO radar target tracking using the probability hypothesis density filter},
  author={Glass, John D and Lanterman, Aaron D},
  booktitle={Aerospace Conference, 2012 IEEE},
  pages={1--8},
  year={2012},
  organization={IEEE},
  File = {:glass2012mimo.pdf:PDF}
}

@inproceedings{sato19973d,
  title={3D multi-scale line filter for segmentation and visualization of curvilinear structures in medical images},
  author={Sato, Yoshinobu and Nakajima, Shin and Atsumi, Hideki and Koller, Thomas and Gerig, Guido and Yoshida, Shigeyuki and Kikinis, Ron},
  booktitle={CVRMed-MRCAS'97},
  pages={213--222},
  year={1997},
  organization={Springer},
  File = {:sato19973d.pdf:PDF}
}

@article{whiteley2010auxiliary,
  title={Auxiliary particle implementation of probability hypothesis density filter},
  author={Whiteley, Nick and Singh, Sumeetpal and Godsill, Simon},
  journal={Aerospace and Electronic Systems, IEEE Transactions on},
  volume={46},
  number={3},
  pages={1437--1454},
  year={2010},
  publisher={IEEE},
  File = {:whiteley2010auxiliary.pdf:PDF}
}

@inproceedings{clark2005phd,
  title={PHD filter multi-target tracking in 3D sonar},
  author={Clark, Daniel Edward and Bell, Judith and de Saint-Pern, Yves and Petillot, Yvan},
  booktitle={Oceans 2005-Europe},
  volume={1},
  pages={265--270},
  year={2005},
  organization={IEEE},
  File = {:clark2005phd.pdf:PDF}
}

@article{mukherjee2011automated,
  title={Automated kymograph analysis for profiling axonal transport of secretory granules},
  author={Mukherjee, Amit and Jenkins, Brian and Fang, Cheng and Radke, Richard J and Banker, Gary and Roysam, Badrinath},
  journal={Medical image analysis},
  volume={15},
  number={3},
  pages={354--367},
  year={2011},
  publisher={Elsevier},
  File = {:mukherjee2011automated.pdf:PDF}
}

@article{radojevic2015fuzzy,
  title={Fuzzy-Logic Based Detection and Characterization of Junctions and Terminations in Fluorescence Microscopy Images of Neurons},
  author={Radojevi{\'c}, Miroslav and Smal, Ihor and Meijering, Erik},
  journal={Neuroinformatics},
  pages={1--19},
  year={2015},
  publisher={Springer},
  File = {:radojevic2015fuzzy.pdf:PDF}
}

@article{browne2012survey,
  title={A survey of monte carlo tree search methods},
  author={Browne, Cameron B and Powley, Edward and Whitehouse, Daniel and Lucas, Simon M and Cowling, Peter and Rohlfshagen, Philipp and Tavener, Stephen and Perez, Diego and Samothrakis, Spyridon and Colton, Simon and others},
  journal={Computational Intelligence and AI in Games, IEEE Transactions on},
  volume={4},
  number={1},
  pages={1--43},
  year={2012},
  publisher={IEEE},
  File = {:browne2012survey.pdf:PDF}
}

@techreport{baerentzen2001implementation,
  title={On the implementation of fast marching methods for 3D lattices},
  author={B{\ae}rentzen, Jakob Andreas},
  year={2001},
  File = {:baerentzen2001implementation.pdf:PDF}
}

@article{figueiredo2002unsupervised,
  title={Unsupervised learning of finite mixture models},
  author={Figueiredo, Mario AT and Jain, Anil K},
  journal={Pattern Analysis and Machine Intelligence, IEEE Transactions on},
  volume={24},
  number={3},
  pages={381--396},
  year={2002},
  publisher={IEEE},
  File = {:figueiredo2002unsupervised.pdf:PDF}
}

@misc{franklin2006nearest,
  title={Nearest point query on 184,088,599 points in E3 with a uniform grid},
  author={Franklin, W Randolph},
  year={2006},
  File = {:franklin2006nearest.pdf:PDF}
}


@incollection{kocsis2006bandit,
  title={Bandit based monte-carlo planning},
  author={Kocsis, Levente and Szepesv{\'a}ri, Csaba},
  booktitle={Machine Learning: ECML 2006},
  pages={282--293},
  year={2006},
  publisher={Springer},
  File = {:kocsis2006bandit.pdf:PDF}
}

@inproceedings{radojevie2015automated,
  title={Automated neuron morphology reconstruction using fuzzy-logic detection and Bayesian tracing algorithms},
  author={Radojevie, Miroslav and Smal, Ihor and Meijering, Erik},
  booktitle={Biomedical Imaging (ISBI), 2015 IEEE 12th International Symposium on},
  pages={885--888},
  year={2015},
  organization={IEEE},
  File = {:radojevie2015automated.pdf:PDF}
}

@article{clark2007particle,
  title={Particle PHD filter multiple target tracking in sonar image},
  author={Clark, Daniel and Ruiz, Ioseba Tena and Petillot, Yvan and Bell, Jonathan},
  journal={Aerospace and Electronic Systems, IEEE Transactions on},
  volume={43},
  number={1},
  pages={409--416},
  year={2007},
  publisher={IEEE},
  File={:clark2007particle.pdf:PDF}
}

@article{quan2015neurogps,
  title={NeuroGPS-Tree: automatic reconstruction of large-scale neuronal populations with dense neurites},
  author={Quan, Tingwei and Zhou, Hang and Li, Jing and Li, Shiwei and Li, Anan and Li, Yuxin and Lv, Xiaohua and Luo, Qingming and Gong, Hui and Zeng, Shaoqun},
  journal={Nature methods},
  year={2015},
  publisher={Nature Publishing Group},
  File={:quan2015neurogps.pdf:PDF}
}

@article{ozuysal2010fast,
  title={Fast keypoint recognition using random ferns},
  author={{\"O}zuysal, Mustafa and Calonder, Michael and Lepetit, Vincent and Fua, Pascal},
  journal={Pattern Analysis and Machine Intelligence, IEEE Transactions on},
  volume={32},
  number={3},
  pages={448--461},
  year={2010},
  publisher={IEEE},
  File = {:ozuysal2010fast.pdf:PDF}
}

@inproceedings{mullane2008random,
  title={A random set formulation for Bayesian SLAM},
  author={Mullane, John and Vo, Ba-Ngu and Adams, Martin D and Wijesoma, Wijerupage Sardha},
  booktitle={Intelligent Robots and Systems, 2008. IROS 2008. IEEE/RSJ International Conference on},
  pages={1043--1049},
  year={2008},
  organization={IEEE},
  File = {:mullane2008random.pdf:PDF}
}

@inproceedings{battistelli2008traffic,
  title={Traffic intensity estimation via PHD filtering},
  author={Battistelli, G and Chisci, L and Morrocchi, S and Papi, F and Benavoli, A and Di Lallo, A and Farina, A and Graziano, A},
  booktitle={Proc. 5th European Radar Conf., Amsterdam, The Netherlands},
  pages={340--343},
  year={2008},
  File = {:battistelli2008traffic.pdf:PDF}
}

@incollection{khan2004mcmc,
  title={An MCMC-based particle filter for tracking multiple interacting targets},
  author={Khan, Zia and Balch, Tucker and Dellaert, Frank},
  booktitle={Computer Vision-ECCV 2004},
  pages={279--290},
  year={2004},
  publisher={Springer},
  File = {:khan2004mcmc.pdf:PDF}
}

@ARTICLE{Donohue-2008,
  author = {D. E. Donohue and G. A. Ascoli},
  title = {A comparative computer simulation of dendritic morphology},
  journal = {PLoS Computational Biology},
  year = {2008},
  volume = {4},
  pages = {1-15},
  number = {6},
  month = MAY,
  doi = {10.1371/journal.pcbi.1000089},
  file = {Donohue-2008.pdf:Donohue-2008.pdf:PDF},
  pmid = {18483611}
}

@BOOK{Kandel-2000,
  title = {Principles of Neural Science},
  publisher = {McGraw-Hill},
  year = {2000},
  author = {E. R. Kandel and J. H. Schwartz and T. M. Jessell},
  address = {New York, NY}
}

@BOOK{Ascoli-2002,
  title = {Computational Neuroanatomy: Principles and Methods},
  publisher = {Humana Press},
  year = {2002},
  author = {G. A. Ascoli},
  address = {Totowa, NJ}
}

@ARTICLE{Anderton-1998,
  author = {Brian H. Anderton and Linda Callahan and Paul Coleman and Peter Davies and Dorothy Flood and Gregory A. Jicha and Thomas Ohm and Charles Weaver},
  title = {Dendritic changes in {A}lzheimer's disease and factors that may underlie these changes},
  journal = {Progress in Neurobiology},
  year = {1998},
  volume = {55},
  pages = {595-609},
  number = {6}
}

@ARTICLE{Siskova-2014,
  author = {Zuzana {\v{S}}i{\v{s}}kov{\'a} and Daniel Justus and Hiroshi Kaneko and Detlef Friedrichs and Niklas Henneberg and Tatjana Beutel and Julika Pitsch and Susanne Schoch and Albert Becker and Heinz {von der Kammer} and Stefan Remy},
  title = {Dendritic structural degeneration is functionally linked to cellular hyperexcitability in a mouse model of {A}lzheimer's disease},
  journal = {Neuron},
  year = {2014},
  volume = {84},
  pages = {1023-1033},
  number = {5}
}

@ARTICLE{Senft-2011,
  author = {S. L. Senft},
  title = {A brief history of neuronal reconstruction},
  journal = {Neuroinformatics},
  year = {2011},
  volume = {9},
  pages = {119-128},
  number = {2-3}
}

@ARTICLE{Liu-2011,
  author = {Y. Liu},
  title = {The {DIADEM} and beyond},
  journal = {Neuroinformatics},
  year = {2011},
  volume = {9},
  pages = {99-102},
  number = {2-3}
}

@ARTICLE{Peng-2011,
  author = {H. Peng and F. Long and T. Zhao and E. Myers},
  title = {Proof-editing is the bottleneck of {3D} neuron reconstruction: the problem and solutions},
  journal = {Neuroinformatics},
  year = {2011},
  volume = {9},
  pages = {103-105},
  number = {2-3}
}

@ARTICLE{Dercksen-2014,
  author = {V. J. Dercksen and H.-C. Hege and M. Oberlaender},
  title = {The {Filament Editor}: an interactive software environment for visualization, proof-editing and analysis of {3D} neuron morphology},
  journal = {Neuroinformatics},
  year = {2014},
  volume = {12},
  pages = {325-339},
  number = {2},
  doi = {10.1007/s12021-013-9213-2},
  pmid = {24323305}
}

@ARTICLE{Basu-2013,
  author = {S. Basu and B. Condron and A. Aksel and S. Acton},
  title = {Segmentation and tracing of single neurons from {3D} confocal microscope images},
  journal = {IEEE Journal of Biomedical and Health Informatics},
  year = {2013},
  volume = {17},
  pages = {319-335},
  number = {2},
  doi = {10.1109/TITB.2012.2209670},
  pmid = {22835569}
}

@ARTICLE{Dima-2002,
  author = {A. Dima and M. Scholz and K. Obermayer},
  title = {Automatic segmentation and skeletonization of neurons from confocal microscopy images based on the {3-D} wavelet transform},
  journal = {IEEE Transactions on Image Processing},
  year = {2002},
  volume = {11},
  pages = {790-801},
  number = {7},
  doi = {10.1109/TIP.2002.800888}
}

@ARTICLE{Dehmelt-2011,
  author = {L. Dehmelt and G. Poplawski and E. Hwang and S. Halpain},
  title = {{NeuriteQuant}: an open source toolkit for high content screens of neuronal morphogenesis},
  journal = {BMC Neuroscience},
  year = {2011},
  volume = {12},
  pages = {100},
  doi = {10.1186/1471-2202-12-100},
  pmid = {21989414}
}

@ARTICLE{Luisi-2011,
  author = {J. Luisi and A. Narayanaswamy and Z. Galbreath and B. Roysam},
  title = {The {FARSIGHT} trace editor: an open source tool for {3-D} inspection and efficient pattern analysis aided editing of automated neuronal reconstructions},
  journal = {Neuroinformatics},
  year = {2011},
  volume = {9},
  pages = {305-315},
  number = {2-3},
  doi = {10.1007/s12021-011-9115-0},
  pmid = {21487683}
}

@ARTICLE{Iber-2013,
  author = {Iber, Dagmar and Menshykau, Denis},
  title = {The control of branching morphogenesis},
  journal = {Open Biology},
  year = {2013},
  volume = {3},
  number = {9},
  pages = {1-16},
  doi = {10.1098/rsob.130088}
}

@ARTICLE{Koene-2009,
  author = {R. A. Koene and B. Tijms and P. {van Hees} and F. Postma and A. de Ridder and G. J. A. Ramakers and J. {van Pelt} and A. {van Ooyen}},
  title = {{NETMORPH}: a framework for the stochastic generation of large scale neuronal networks with realistic neuron morphologies},
  journal = {Neuroinformatics},
  year = {2009},
  volume = {7},
  pages = {195-210},
  number = {3},
  doi = {10.1007/s12021-009-9052-3}
}

@ARTICLE{Hansen-2004,
  author = {Thorsten Hansen and Heiko Neumann},
  title = {Neural Mechanisms for the Robust Representation of Junctions},
  journal = {Neural Computation},
  year = {2004},
  volume = {16},
  number = {5},
  pages = {1013-1037},
  doi = {10.1162/089976604773135087}
}

@ARTICLE{Narayanaswamy-2011,
  author = {A. Narayanaswamy and Y. Wang and B. Roysam},
  title = {{3-D} image pre-processing algorithms for improved automated tracing of neuronal arbors},
  journal = {Neuroinformatics},
  year = {2011},
  volume = {9},
  pages = {219-231},
  number = {2-3},
  doi = {10.1007/s12021-011-9116-z},
  pmid = {21537877}
}

@ARTICLE{Yuan-2009,
  author = {X. Yuan and J. T. Trachtenberg and S. M. Potter and B. Roysam},
  title = {{MDL} constrained {3-D} grayscale skeletonization algorithm for automated extraction of dendrites and spines from fluorescence confocal images},
  journal = {Neuroinformatics},
  year = {2009},
  volume = {7},
  pages = {213-232},
  number = {4},
  doi = {10.1007/s12021-009-9057-y},
  pmid = {20012509}
}

@ARTICLE{Cesar-1999,
  author = {R. M. {Cesar Jr.} and L. da Fontoura Costa},
  title = {Computer-vision-based extraction of neural dendograms},
  journal = {Journal of Neuroscience Methods},
  year = {1999},
  volume = {93},
  pages = {121-131},
  number = {2},
  doi = {10.1016/S0165-0270(99)00120-X}
}

@ARTICLE{He-2003,
  author = {W. He and T. A. Hamilton and A. R. Cohen and T. J. Holmes and C. Pace and D. H. Szarowski and J. N. Turner and B. Roysam},
  title = {Automated three-dimensional tracing of neurons in confocal and brightfield images},
  journal = {Microscopy and Microanalysis},
  year = {2003},
  volume = {9},
  pages = {296-310},
  number = {4},
  doi = {10.1017/S143192760303040X}
}

@ARTICLE{Leandro-2009,
  author = {J. J. G. Leandro and R. M. Cesar-Jr and L. da F. Costa},
  title = {Automatic contour extraction from {2D} neuron images},
  journal = {Journal of Neuroscience Methods},
  year = {2009},
  volume = {177},
  pages = {497-509},
  number = {2},
  month = MAR,
  doi = {10.1016/j.jneumeth.2008.10.037},
  pmid = {19046989}
}

@ARTICLE{Schmitt-2004,
  author = {S. Schmitt and J. F. Evers and C. Duch and M. Scholz and K. Obermayer},
  title = {New methods for the computer-assisted {3-D} reconstruction of neurons from confocal image stacks},
  journal = {NeuroImage},
  year = {2004},
  volume = {23},
  pages = {1283-1298},
  number = {4},
  doi = {10.1016/j.neuroimage.2004.06.047}
}

@ARTICLE{Weaver-2004,
  author = {C. M. Weaver and P. R. Hof and S. L. Wearne and W. B. Lindquist},
  title = {Automated algorithms for multiscale morphometry of neuronal dendrites},
  journal = {Neural Computation},
  year = {2004},
  volume = {16},
  pages = {1353-1383},
  number = {7},
  doi = {10.1162/089976604323057425},
  pmid = {15165394}
}

@ARTICLE{Zhang-2007,
  author = {B. Zhang and J. Zerubia and J.-C. Olivo-Marin},
  title = {Gaussian approximations of fluorescence microscope point-spread function models},
  journal = {Applied Optics},
  year = {2007},
  volume = {46},
  pages = {1819-1829},
  number = {10},
  doi = {10.1364/AO.46.001819},
  pmid = {17356626}
}

@BOOK{Sonka-2007,
  title = {Image Processing, Analysis, and Machine Vision},
  publisher = {Cengage Learning},
  year = {2007},
  author = {M. Sonka and V. Hlavac and R. Boyle},
  address = {Florence, KY}
}

@ARTICLE{Schneider-2012,
  author = {C. A. Schneider and W. S. Rasband and K. W. Eliceiri},
  title = {{NIH Image to ImageJ}: 25 years of image analysis},
  journal = {Nature Methods},
  year = {2012},
  volume = {9},
  pages = {671-675},
  number = {7},
  doi = {10.1038/nmeth.2089},
  pmid = {22930834}
}

@ARTICLE{Powers-2011,
  author = {D. M. W. Powers},
  title = {Evaluation: from precision, recall, and {F}-measure to {ROC}, informedness, markedness and correlation},
  journal = {Journal of Machine Learning Technologies},
  year = {2011},
  volume = {2},
  pages = {37-63},
  number = {1}
}

@ARTICLE{Chenouard-2014,
  author = {N. Chenouard and I. Smal and F. {de Chaumont} and M. Ma\v{s}ka and I. F. Sbalzarini and Y. Gong and J. Cardinale and C. Carthel and S. Coraluppi and M. Winter and A. R. Cohen and W. J. Godinez and K. Rohr and Y. Kalaidzidis and L. Liang and J. Duncan and H. Shen and Y. Xu and K. E. G. Magnusson and J. Jald{\'e}n and H. M. Blau and P. Paul-Gilloteaux and P. Roudot and C. Kervrann and F. Waharte and J.-Y. Tinevez and S. L. Shorte and J. Willemse and K. Celler and G. P. {van Wezel} and H.-W. Dan and Y.-S. Tsai and C. {Ortiz de Solórzano} and J.-C. Olivo-Marin and E. Meijering},
  title = {Objective comparison of particle tracking methods},
  journal = {Nature Methods},
  year = {2014},
  volume = {11},
  pages = {281-289},
  number = {3}
}

@article{gala2014active,
  title={Active learning of neuron morphology for accurate automated tracing of neurites},
  author={Gala, Rohan and Chapeton, Julio and Jitesh, Jayant and Bhavsar, Chintan and Stepanyants, Armen},
  journal={Frontiers in neuroanatomy},
  volume={8},
  year={2014},
  publisher={Frontiers Media SA},
  File = {:gala2014active.pdf:PDF}
}

@article{quan2016neurogps,
  title={NeuroGPS-Tree: automatic reconstruction of large-scale neuronal populations with dense neurites},
  author={Quan, Tingwei and Zhou, Hang and Li, Jing and Li, Shiwei and Li, Anan and Li, Yuxin and Lv, Xiaohua and Luo, Qingming and Gong, Hui and Zeng, Shaoqun},
  journal={Nature methods},
  volume={13},
  number={1},
  pages={51--54},
  year={2016},
  publisher={Nature Publishing Group},
  File = {:quan2016neurogps.pdf:PDF}
}

@article{ming2013rapid,
  title={Rapid reconstruction of 3D neuronal morphology from light microscopy images with augmented rayburst sampling},
  author={Ming, Xing and Li, Anan and Wu, Jingpeng and Yan, Cheng and Ding, Wenxiang and Gong, Hui and Zeng, Shaoqun and Liu, Qian},
  year={2013},
  File = {:ming2013rapid.pdf:PDF}
}

@book{mahler2000introduction,
  title={An introduction to multisource-multitarget statistics and applications},
  author={Mahler, Ronald},
  year={2000},
  publisher={Lockheed Martin}
}

@article{vo2006gaussian,
  title={The Gaussian mixture probability hypothesis density filter},
  author={Vo, Ba-Ngu and Ma, Wing-Kin},
  journal={Signal Processing, IEEE Transactions on},
  volume={54},
  number={11},
  pages={4091--4104},
  year={2006},
  publisher={IEEE},
  File = {:vo2006gaussian.pdf:PDF}
}

@book{daley2007introduction,
  title={An introduction to the theory of point processes: volume II: general theory and structure},
  author={Daley, Daryl J and Vere-Jones, David},
  year={2007},
  publisher={Springer Science \& Business Media}
}

@article{donner2013global,
  title={Global localization of 3D anatomical structures by pre-filtered Hough Forests and discrete optimization},
  author={Donner, Ren{\'e} and Menze, Bjoern H and Bischof, Horst and Langs, Georg},
  journal={Medical image analysis},
  volume={17},
  number={8},
  pages={1304--1314},
  year={2013},
  publisher={Elsevier},
  File = {:donner2013global.pdf:PDF}
}

@article{kreshuk2014automated,
  title={Automated detection of synapses in serial section transmission electron microscopy image stacks},
  author={Kreshuk, Anna and Koethe, Ullrich and Pax, Elizabeth and Bock, Davi D and Hamprecht, Fred A},
  journal={PloS one},
  volume={9},
  number={2},
  pages={e87351},
  year={2014},
  publisher={Public Library of Science},
  File = {:kreshuk2014automated.pdf:PDF}
}

@incollection{basu2013stochastic,
  title={A stochastic model for automatic extraction of 3d neuronal morphology},
  author={Basu, Sreetama and Kulikova, Maria and Zhizhina, Elena and Ooi, Wei Tsang and Racoceanu, Daniel},
  booktitle={Medical Image Computing and Computer-Assisted Intervention--MICCAI 2013},
  pages={396--403},
  year={2013},
  publisher={Springer},
  File = {:basu2013stochastic.pdf:PDF}
}

@article{lou2014active,
  title={Active structured learning for cell tracking: algorithm, framework, and usability},
  author={Lou, Xinghua and Schiegg, Martin and Hamprecht, Fred A},
  journal={Medical Imaging, IEEE Transactions on},
  volume={33},
  number={4},
  pages={849--860},
  year={2014},
  publisher={IEEE}
}

@article{vo2005sequential,
  title={Sequential Monte Carlo methods for multitarget filtering with random finite sets},
  author={Vo, Ba-Ngu and Singh, Sumeetpal and Doucet, Arnaud},
  journal={Aerospace and Electronic Systems, IEEE Transactions on},
  volume={41},
  number={4},
  pages={1224--1245},
  year={2005},
  publisher={IEEE}
}

@inproceedings{ristic2010improved,
  title={Improved SMC implementation of the PHD filter},
  author={Ristic, Branko and Clark, Daniel and Vo, Ba-Ngu},
  booktitle={Information Fusion (FUSION), 2010 13th Conference on},
  pages={1--8},
  year={2010},
  organization={IEEE}
}

@inproceedings{vo2003sequential,
  title={Sequential Monte Carlo implementation of the PHD filter for multi-target tracking},
  author={Vo, Ba-Ngu and Singh, Sumeetpal and Doucet, Arnaud},
  booktitle={Proc. Int’l Conf. on Information Fusion},
  pages={792--799},
  year={2003}
}

@Article{friman2010multiple,
  Title                    = {Multiple hypothesis template tracking of small 3D vessel structures},
  Author                   = {Friman, Ola and Hindennach, Milo and K{\"u}hnel, Caroline and Peitgen, Heinz-Otto},
  Journal                  = {Medical Image Analysis},
  Year                     = {2010},
  Number                   = {2},
  Pages                    = {160--171},
  Volume                   = {14},
  Publisher                = {Elsevier}
}

@Article{xiao2013app2,
  Title                    = {APP2: automatic tracing of 3D neuron morphology based on hierarchical pruning of a gray-weighted image distance-tree},
  Author                   = {Xiao, Hang and Peng, Hanchuan},
  Journal                  = {Bioinformatics},
  Year                     = {2013},
  Number                   = {11},
  Pages                    = {1448--1454},
  Volume                   = {29},
  Publisher                = {Oxford Univ Press}
}

@article{peng2015diadem,
  title={From DIADEM to BigNeuron},
  author={Peng, Hanchuan and Meijering, Erik and Ascoli, Giorgio A},
  journal={Neuroinformatics},
  pages={1--2},
  year={2015},
  publisher={Springer}
}

@inproceedings{juang2009tracking,
  title={Tracking cell motion using GM-PHD},
  author={Juang, Radford Ray and Levchenko, Andre and Burlina, Philippe},
  booktitle={Biomedical Imaging: From Nano to Macro, 2009. ISBI'09. IEEE International Symposium on},
  pages={1154--1157},
  year={2009},
  organization={IEEE}
}

@article{maggio2008efficient,
  title={Efficient multitarget visual tracking using random finite sets},
  author={Maggio, Emilio and Taj, Murtaza and Cavallaro, Andrea},
  journal={Circuits and Systems for Video Technology, IEEE Transactions on},
  volume={18},
  number={8},
  pages={1016--1027},
  year={2008},
  publisher={IEEE}
}

@inproceedings{pham2007tracking,
  title={Tracking multiple objects using probability hypothesis density filter and color measurements},
  author={Pham, Nam Trung and Huang, Weimin and Ong, Sim Heng},
  booktitle={Multimedia and Expo, 2007 IEEE International Conference on},
  pages={1511--1514},
  year={2007},
  organization={IEEE}
}

@book{mahler2007statistical,
  title={Statistical multisource-multitarget information fusion},
  author={Mahler, Ronald PS},
  year={2007},
  publisher={Artech House, Inc.}
}

@book{stone2013bayesian,
  title={Bayesian multiple target tracking},
  author={Stone, Lawrence D and Streit, Roy L and Corwin, Thomas L and Bell, Kristine L},
  year={2013},
  publisher={Artech House}
}

@inproceedings{glass2012mimo,
  title={MIMO radar target tracking using the probability hypothesis density filter},
  author={Glass, John D and Lanterman, Aaron D},
  booktitle={Aerospace Conference, 2012 IEEE},
  pages={1--8},
  year={2012},
  organization={IEEE}
}

@inproceedings{clark2005phd,
  title={PHD filter multi-target tracking in 3D sonar},
  author={Clark, Daniel Edward and Bell, Judith and de Saint-Pern, Yves and Petillot, Yvan},
  booktitle={Oceans 2005-Europe},
  volume={1},
  pages={265--270},
  year={2005},
  organization={IEEE}
}

@article{meijering2010neuron,
  title={Neuron tracing in perspective},
  author={Meijering, Erik},
  journal={Cytometry Part A},
  volume={77},
  number={7},
  pages={693--704},
  year={2010},
  publisher={Wiley Online Library}
}

@Article{donohue2011automated,
  Title                    = {Automated reconstruction of neuronal morphology: an overview},
  Author                   = {Donohue, Duncan E and Ascoli, Giorgio A},
  Journal                  = {Brain research reviews},
  Year                     = {2011},
  Number                   = {1},
  Pages                    = {94--102},
  Volume                   = {67},
  Publisher                = {Elsevier}
}

@article{gillette2011diademchallenge,
  title={DIADEMchallenge. Org: a compendium of resources fostering the continuous development of automated neuronal reconstruction},
  author={Gillette, Todd A and Brown, Kerry M and Svoboda, Karel and Liu, Yuan and Ascoli, Giorgio A},
  journal={Neuroinformatics},
  volume={9},
  number={2},
  pages={303--304},
  year={2011},
  publisher={Springer}
}

@inproceedings{sato19973d,
  title={3D multi-scale line filter for segmentation and visualization of curvilinear structures in medical images},
  author={Sato, Yoshinobu and Nakajima, Shin and Atsumi, Hideki and Koller, Thomas and Gerig, Guido and Yoshida, Shigeyuki and Kikinis, Ron},
  booktitle={CVRMed-MRCAS'97},
  pages={213--222},
  year={1997},
  organization={Springer}
}

@book{goodman2013mathematics,
  title={Mathematics of data fusion},
  author={Goodman, Irwin R and Mahler, Ronald P and Nguyen, Hung T},
  volume={37},
  year={2013},
  publisher={Springer Science \& Business Media}
}

@Article{brown2011diadem,
  Title                    = {The DIADEM data sets: representative light microscopy images of neuronal morphology to advance automation of digital reconstructions},
  Author                   = {Brown, Kerry M and Barrionuevo, Germ{\'a}n and Canty, Alison J and De Paola, Vincenzo and Hirsch, Judith A and Jefferis, Gregory SXE and Lu, Ju and Snippe, Marjolein and Sugihara, Izumi and Ascoli, Giorgio A},
  Journal                  = {Neuroinformatics},
  Year                     = {2011},
  Number                   = {2-3},
  Pages                    = {143--157},
  Volume                   = {9},
  Publisher                = {Springer}
}

@Article{steiner2002overexpression,
  Title                    = {Overexpression of neuronal Sec1 enhances axonal branching in hippocampal neurons},
  Author                   = {Steiner, P and Sarria, J-CF and Huni, B and Marsault, R and Catsicas, S and Hirling, H},
  Journal                  = {Neuroscience},
  Year                     = {2002},
  Number                   = {4},
  Pages                    = {893--905},
  Volume                   = {113},
  Publisher                = {Elsevier}
}

@inproceedings{turetken2012automated,
  title={Automated reconstruction of tree structures using path classifiers and mixed integer programming},
  author={Turetken, E and Benmansour, Fethallah and Fua, Pascal},
  booktitle={Computer Vision and Pattern Recognition (CVPR), 2012 IEEE Conference on},
  pages={566--573},
  year={2012},
  organization={IEEE},
  File = {:turetken2012automated.pdf:PDF}
}

@article{gala2014active,
  title={Active learning of neuron morphology for accurate automated tracing of neurites},
  author={Gala, Rohan and Chapeton, Julio and Jitesh, Jayant and Bhavsar, Chintan and Stepanyants, Armen},
  journal={Frontiers in neuroanatomy},
  volume={8},
  year={2014},
  publisher={Frontiers Media SA},
  File = {:gala2014active.pdf:PDF}
}

@inproceedings{mullane2008random,
  title={A random set formulation for Bayesian SLAM},
  author={Mullane, John and Vo, Ba-Ngu and Adams, Martin D and Wijesoma, Wijerupage Sardha},
  booktitle={Intelligent Robots and Systems, 2008. IROS 2008. IEEE/RSJ International Conference on},
  pages={1043--1049},
  year={2008},
  organization={IEEE}
}

@inproceedings{battistelli2008traffic,
  title={Traffic intensity estimation via PHD filtering},
  author={Battistelli, G and Chisci, L and Morrocchi, S and Papi, F and Benavoli, A and Di Lallo, A and Farina, A and Graziano, A},
  booktitle={Proc. 5th European Radar Conf., Amsterdam, The Netherlands},
  pages={340--343},
  year={2008}
}

@article{arulampalam2002tutorial,
  title={A tutorial on particle filters for online nonlinear/non-Gaussian Bayesian tracking},
  author={Arulampalam, M Sanjeev and Maskell, Simon and Gordon, Neil and Clapp, Tim},
  journal={Signal Processing, IEEE Transactions on},
  volume={50},
  number={2},
  pages={174--188},
  year={2002},
  publisher={IEEE}
}

@book{sarkka2013bayesian,
  title={Bayesian filtering and smoothing},
  author={S{\"a}rkk{\"a}, Simo},
  volume={3},
  year={2013},
  publisher={Cambridge University Press}
}

@book{bar2004estimation,
  title={Estimation with applications to tracking and navigation: theory algorithms and software},
  author={Bar-Shalom, Yaakov and Li, X Rong and Kirubarajan, Thiagalingam},
  year={2004},
  publisher={John Wiley \& Sons}
}


@misc{bain2009fundamentals,
  title={Fundamentals of stochastic filtering, Stochastic modelling and applied probability, vol. 60},
  author={Bain, Alan and Crisan, Dan},
  year={2009},
  publisher={Springer}
}

@InCollection{schaap2007bayesianmiccai,
  Title                    = {Bayesian tracking of tubular structures and its application to carotid arteries in CTA},
  Author                   = {Schaap, Michiel and Manniesing, Rashindra and Smal, Ihor and Van Walsum, Theo and Van Der Lugt, Aad and Niessen, Wiro},
  Booktitle                = {Medical Image Computing and Computer-Assisted Intervention--MICCAI 2007},
  Publisher                = {Springer},
  Year                     = {2007},
  Pages                    = {562--570}
}

@inproceedings{radojevic2015automated,
  title={Automated neuron morphology reconstruction using fuzzy-logic detection and Bayesian tracing algorithms},
  author={Radojevi{\'c}, Miroslav and Smal, Ihor and Meijering, Erik},
  booktitle={Biomedical Imaging (ISBI), 2015 IEEE 12th International Symposium on},
  pages={885--888},
  year={2015},
  organization={IEEE}
}

@Article{yin2012retinal,
  Title                    = {Retinal vessel segmentation using a probabilistic tracking method},
  Author                   = {Yin, Yi and Adel, Mouloud and Bourennane, Salah},
  Journal                  = {Pattern Recognition},
  Year                     = {2012},
  Number                   = {4},
  Pages                    = {1235--1244},
  Volume                   = {45},
  Publisher                = {Elsevier}
}

@Article{abramoff2004image,
  Title                    = {Image processing with ImageJ},
  Author                   = {Abr{\`a}moff, Michael D and Magalh{\~a}es, Paulo J and Ram, Sunanda J},
  Journal                  = {Biophotonics international},
  Year                     = {2004},
  Number                   = {7},
  Pages                    = {36--43},
  Volume                   = {11},
  Publisher                = {LAURIN}
}

@Article{wang2011broadly,
  Title                    = {A broadly applicable 3-D neuron tracing method based on open-curve snake},
  Author                   = {Wang, Yu and Narayanaswamy, Arunachalam and Tsai, Chia-Ling and Roysam, Badrinath},
  Journal                  = {Neuroinformatics},
  Year                     = {2011},
  Number                   = {2-3},
  Pages                    = {193--217},
  Volume                   = {9},
  Publisher                = {Springer}
}

@Article{chothani2011automated,
  Title                    = {Automated tracing of neurites from light microscopy stacks of images},
  Author                   = {Chothani, Paarth and Mehta, Vivek and Stepanyants, Armen},
  Journal                  = {Neuroinformatics},
  Year                     = {2011},
  Number                   = {2-3},
  Pages                    = {263--278},
  Volume                   = {9},
  Publisher                = {Springer},
  File                     = {:chothani2011automated.pdf:PDF}
}

@Article{zhao2011automated,
  Title                    = {Automated reconstruction of neuronal morphology based on local geometrical and global structural models},
  Author                   = {Zhao, Ting and Xie, Jun and Amat, Fernando and Clack, Nathan and Ahammad, Parvez and Peng, Hanchuan and Long, Fuhui and Myers, Eugene},
  Journal                  = {Neuroinformatics},
  Year                     = {2011},
  Number                   = {2-3},
  Pages                    = {247--261},
  Volume                   = {9},
  Publisher                = {Springer},
  File                     = {:zhao2011automated.pdf:PDF}
}

@article{turetken2011automated,
  title={Automated reconstruction of dendritic and axonal trees by global optimization with geometric priors},
  author={T{\"u}retken, Engin and Gonz{\'a}lez, Germ{\'a}n and Blum, Christian and Fua, Pascal},
  journal={Neuroinformatics},
  volume={9},
  number={2-3},
  pages={279--302},
  year={2011},
  publisher={Springer},
  File                     = {:turetken2011automated.pdf:PDF}
}

@inproceedings{zajic2003particle,
  title={Particle-systems implementation of the PHD multitarget-tracking filter},
  author={Zajic, Tim and Mahler, Ronald PS},
  booktitle={AeroSense 2003},
  pages={291--299},
  year={2003},
  organization={International Society for Optics and Photonics},
  File = {:zajic2003particle.pdf:PDF}
}

@article{bar1995multitarget,
  title={Multitarget-multisensor tracking: principles and techniques},
  author={Bar-Shalom, Yaakov and Li, Xiao-Rong},
  journal={Storrs, CT: University of Connecticut, 1995.},
  year={1995}
}

@book{ristic2004beyond,
  title={Beyond the Kalman filter: Particle filters for tracking applications},
  author={Ristic, Branko and Arulampalam, Sanjeev and Gordon, Neil James},
  year={2004},
  publisher={Artech house}
}

@article{quan2013neurogps,
  title={NeuroGPS: automated localization of neurons for brain circuits using L1 minimization model},
  author={Quan, Tingwei and Zheng, Ting and Yang, Zhongqing and Ding, Wenxiang and Li, Shiwei and Li, Jing and Zhou, Hang and Luo, Qingming and Gong, Hui and Zeng, Shaoqun},
  journal={Scientific reports},
  volume={3},
  year={2013},
  publisher={Nature Publishing Group},
  File = {:quan2013neurogps.pdf:PDF}
}

@book{mahler2000introduction,
  title={An introduction to multisource-multitarget statistics and applications},
  author={Mahler, Ronald},
  year={2000},
  publisher={Lockheed Martin}
}

@article{doucet2000sequential,
  title={On sequential Monte Carlo sampling methods for Bayesian filtering},
  author={Doucet, Arnaud and Godsill, Simon and Andrieu, Christophe},
  journal={Statistics and computing},
  volume={10},
  number={3},
  pages={197--208},
  year={2000},
  publisher={Springer},
  File = {:doucet2000sequential.pdf:PDF}
}

@book{daley2007introduction,
  title={An introduction to the theory of point processes: volume II: general theory and structure},
  author={Daley, Daryl J and Vere-Jones, David},
  year={2007},
  publisher={Springer Science \& Business Media}
}

@inproceedings{tobias2005probability,
  title={Probability hypothesis density-based multitarget tracking with bistatic range and Doppler observations},
  author={Tobias, Martin and Lanterman, Aaron D},
  booktitle={Radar, Sonar and Navigation, IEE Proceedings-},
  volume={152},
  number={3},
  pages={195--205},
  year={2005},
  organization={IET},
  File={:tobias2005probability.pdf:PDF}
}

@article{kitagawa1996monte,
  title={Monte Carlo filter and smoother for non-Gaussian nonlinear state space models},
  author={Kitagawa, Genshiro},
  journal={Journal of computational and graphical statistics},
  volume={5},
  number={1},
  pages={1--25},
  year={1996},
  publisher={Taylor \& Francis},
  File={:kitagawa1996monte.pdf:PDF}
}

@article{peng2010v3d,
  title={V3D enables real-time 3D visualization and quantitative analysis of large-scale biological image data sets},
  author={Peng, Hanchuan and Ruan, Zongcai and Long, Fuhui and Simpson, Julie H and Myers, Eugene W},
  journal={Nature biotechnology},
  volume={28},
  number={4},
  pages={348--353},
  year={2010},
  publisher={Nature Publishing Group},
  File={:peng2010v3d.pdf:PDF}
}

@book{ascoli2002computational,
  title={Computational neuroanatomy: Principles and methods},
  author={Ascoli, Giorgio A},
  year={2002},
  publisher={Springer Science \& Business Media}
}

@article{ascoli2007neuromorpho,
  title={NeuroMorpho. Org: a central resource for neuronal morphologies},
  author={Ascoli, Giorgio A and Donohue, Duncan E and Halavi, Maryam},
  journal={The Journal of Neuroscience},
  volume={27},
  number={35},
  pages={9247--9251},
  year={2007},
  publisher={Soc Neuroscience},
  File={:ascoli2007neuromorpho.pdf:PDF}
}

@article{svoboda2011past,
  title={The past, present, and future of single neuron reconstruction},
  author={Svoboda, Karel},
  journal={Neuroinformatics},
  volume={9},
  number={2-3},
  pages={97},
  year={2011},
  publisher={Springer Science \& Business Media},
  File={:svoboda2011past.pdf:PDF}
}

@article{senft2011brief,
  title={A brief history of neuronal reconstruction},
  author={Senft, Stephen L},
  journal={Neuroinformatics},
  volume={9},
  number={2},
  pages={119--128},
  year={2011},
  publisher={Springer},
  File={:senft2011brief.pdf:PDF}
}

@article{halavi2012digital,
  title={Digital reconstructions of neuronal morphology: three decades of research trends},
  author={Halavi, Maryam and Hamilton, Kelly A and Parekh, Ruchi and Ascoli, Giorgio A},
  journal={Front Neurosci},
  volume={6},
  number={49},
  pages={1--11},
  year={2012},
  publisher={Citeseer},
  File={:halavi2012digital.pdf:PDF}
}

@inproceedings{basu2010tree2tree,
  title={Tree2Tree: Neuron segmentation for generation of neuronal morphology},
  author={Basu, Saurav and Aksel, Alla and Condron, Barry and Acton, Scott T},
  booktitle={Biomedical Imaging: From Nano to Macro, 2010 IEEE International Symposium on},
  pages={548--551},
  year={2010},
  organization={IEEE},
  File={:basu2010tree2tree.pdf:PDF}
}

@inproceedings{mukherjee2013vector,
  title={Vector field convolution medialness applied to neuron tracing},
  author={Mukherjee, Sayan and Acton, Scott T},
  booktitle={Image Processing (ICIP), 2013 20th IEEE International Conference on},
  pages={665--669},
  year={2013},
  organization={IEEE},
  File={:mukherjee2013vector.pdf:PDF}
}


@Article{yang2013distance,
author="Yang, Jinzhu
and Gonzalez-Bellido, Paloma T.
and Peng, Hanchuan",
title="A distance-field based automatic neuron tracing method",
journal="BMC Bioinformatics",
year="2013",
volume="14",
number="1",
pages="93",
abstract="Automatic 3D digital reconstruction (tracing) of neurons embedded in noisy microscopic images is challenging, especially when the cell morphology is complex.",
issn="1471-2105",
doi="10.1186/1471-2105-14-93",
url="http://dx.doi.org/10.1186/1471-2105-14-93",
File={:yang2013distance.pdf:PDF}
}

@article{peng2011automatic,
  title={Automatic 3D neuron tracing using all-path pruning},
  author={Peng, Hanchuan and Long, Fuhui and Myers, Gene},
  journal={Bioinformatics},
  volume={27},
  number={13},
  pages={i239--i247},
  year={2011},
  publisher={Oxford Univ Press},
  File={:peng2011automatic.pdf:PDF}
}

@article{peng2010automatic,
  title={Automatic reconstruction of 3D neuron structures using a graph-augmented deformable model},
  author={Peng, Hanchuan and Ruan, Zongcai and Atasoy, Deniz and Sternson, Scott},
  journal={Bioinformatics},
  volume={26},
  number={12},
  pages={i38--i46},
  year={2010},
  publisher={Oxford Univ Press},
  File={:peng2010automatic.pdf:PDF}
}

@article{basu2016neurite,
  title={Neurite tracing with object process},
  author={Basu, Sreetama and Ooi, Wei Tsang and Racoceanu, Daniel},
  journal={IEEE transactions on medical imaging},
  volume={35},
  number={6},
  pages={1443--1451},
  year={2016},
  publisher={IEEE}
}

@article{mukherjee2015tubularity,
  title={Tubularity Flow Field—A Technique for Automatic Neuron Segmentation},
  author={Mukherjee, Suvadip and Condron, Barry and Acton, Scott T},
  journal={Image Processing, IEEE Transactions on},
  volume={24},
  number={1},
  pages={374--389},
  year={2015},
  publisher={IEEE},
  File={:mukherjee2015tubularity.pdf:PDF}
}

@article{magnusson2015global,
  title={Global linking of cell tracks using the viterbi algorithm},
  author={Magnusson, Klas EG and Jald{\'e}n, Joakim and Gilbert, Penney M and Blau, Helen M},
  journal={Medical Imaging, IEEE Transactions on},
  volume={34},
  number={4},
  pages={911--929},
  year={2015},
  publisher={IEEE}
}

@inproceedings{sajn20143d,
  title={3D volume localization using miniatures},
  author={\v{S}ajn, Luka and Radojevic, Miroslav and Dobravec, Toma\v{z}},
  booktitle={Information and Communication Technology, Electronics and Microelectronics (MIPRO), 2014 37th International Convention on},
  pages={411--416},
  year={2014},
  organization={IEEE}
}

@article{liu2016rivulet,
  title={Rivulet: 3D Neuron Morphology Tracing with Iterative Back-Tracking},
  author={Liu, Siqi and Zhang, Donghao and Liu, Sidong and Feng, Dagan and Peng, Hanchuan and Cai, Weidong},
  journal={Neuroinformatics},
  pages={1--15},
  year={2016},
  publisher={Springer},
  File={:liu2016rivulet.pdf:PDF}
}

@inproceedings{acciai2016automatic,
  title={Automatic neuron tracing using a locally tunable approach},
  author={Acciai, Ludovica and Soda, Paolo and Iannello, Giulio},
  booktitle={Computer-Based Medical Systems (CBMS), 2016 IEEE 29th International Symposium on},
  pages={130--135},
  year={2016},
  organization={IEEE},
  File={:acciai2016automatic.pdf:PDF}
}

@article{sironi2016multiscale,
  title={Multiscale Centerline Detection},
  author={Sironi, Amos and T{\"u}retken, Engin and Lepetit, Vincent and Fua, Pascal},
  journal={IEEE Transactions on Pattern Analysis and Machine Intelligence},
  volume={38},
  number={7},
  pages={1327--1341},
  year={2016},
  publisher={IEEE},
  File={:sironi2016multiscale.pdf:PDF}
}

@article{basu2016neurite,
  title={Neurite tracing with object process},
  author={Basu, Sreetama and Ooi, Wei Tsang and Racoceanu, Daniel},
  journal={IEEE transactions on medical imaging},
  volume={35},
  number={6},
  pages={1443--1451},
  year={2016},
  publisher={IEEE},
  File={:basu2016neurite.pdf:PDF}
}

@article{fischler1981random,
  title={Random sample consensus: a paradigm for model fitting with applications to image analysis and automated cartography},
  author={Fischler, Martin A and Bolles, Robert C},
  journal={Communications of the ACM},
  volume={24},
  number={6},
  pages={381--395},
  year={1981},
  publisher={ACM},
  File={:fischler1981random.pdf:PDF}
}

@article{acciai2016automated,
  title={Automated Neuron Tracing Methods: An Updated Account},
  author={Acciai, Ludovica and Soda, Paolo and Iannello, Giulio},
  journal={Neuroinformatics},
  volume={14},
  number={4},
  pages={353--367},
  year={2016},
  publisher={Springer},
  File={:acciai2016automated.pdf:PDF}
}

@inproceedings{lampert2009detecting,
  title={Detecting objects in large image collections and videos by efficient subimage retrieval},
  author={Lampert, Christoph H},
  booktitle={2009 IEEE 12th International Conference on Computer Vision},
  pages={987--994},
  year={2009},
  organization={IEEE},
  File={:acciai2016automated.pdf:PDF}
}

@article{chaumette2004image,
  title={Image moments: a general and useful set of features for visual servoing},
  author={Chaumette, Fran{\c{c}}ois},
  journal={IEEE Transactions on Robotics},
  volume={20},
  number={4},
  pages={713--723},
  year={2004},
  publisher={IEEE},
  File={:chaumette2004image.pdf:PDF} 
}

@inproceedings{giordano20083d,
  title={3D structure identification from image moments},
  author={Giordano, Paolo Robuffo and De Luca, Alessandro and Oriolo, Giuseppe},
  booktitle={Robotics and Automation, 2008. ICRA 2008. IEEE International Conference on},
  pages={93--100},
  year={2008},
  organization={IEEE},
  File={:giordano20083d.pdf:PDF} 
}

@article{sadjadi1980three,
  title={Three-dimensional moment invariants},
  author={Sadjadi, Firooz A and Hall, Ernest L},
  journal={IEEE Transactions on Pattern Analysis and Machine Intelligence},
  number={2},
  pages={127--136},
  year={1980},
  publisher={IEEE},
  File={:sadjadi1980three.pdf:PDF} 
}

@inproceedings{zivkovic2004improved,
  title={Improved adaptive Gaussian mixture model for background subtraction},
  author={Zivkovic, Zoran},
  booktitle={Pattern Recognition, 2004. ICPR 2004. Proceedings of the 17th International Conference on},
  volume={2},
  pages={28--31},
  year={2004},
  organization={IEEE},
  File={:zivkovic2004improved.pdf:PDF} 
}

@article{browne2012survey,
  title={A survey of monte carlo tree search methods},
  author={Browne, Cameron B and Powley, Edward and Whitehouse, Daniel and Lucas, Simon M and Cowling, Peter I and Rohlfshagen, Philipp and Tavener, Stephen and Perez, Diego and Samothrakis, Spyridon and Colton, Simon},
  journal={IEEE Transactions on Computational Intelligence and AI in Games},
  volume={4},
  number={1},
  pages={1--43},
  year={2012},
  publisher={IEEE},
  File={:browne2012survey.pdf:PDF}
}

@article{schlangen2016marker,
  title={Marker-Less Stage Drift Correction in Super-Resolution Microscopy Using the Single-Cluster PHD Filter},
  author={Schlangen, Isabel and Franco, Jos{\'e} and Houssineau, J{\'e}r{\'e}mie and Pitkeathly, William TE and Clark, Daniel and Smal, Ihor and Rickman, Colin},
  journal={IEEE Journal of Selected Topics in Signal Processing},
  volume={10},
  number={1},
  pages={193--202},
  year={2016},
  publisher={IEEE},
  File={:schlangen2016marker.pdf:PDF}
}

@inproceedings{lazebnik2006beyond,
  title={Beyond bags of features: Spatial pyramid matching for recognizing natural scene categories},
  author={Lazebnik, Svetlana and Schmid, Cordelia and Ponce, Jean},
  booktitle={2006 IEEE Computer Society Conference on Computer Vision and Pattern Recognition (CVPR'06)},
  volume={2},
  pages={2169--2178},
  year={2006},
  organization={IEEE},
  File={:lazebnik2006beyond.pdf:PDF}
}

@article{kong1994sequential,
  title={Sequential imputations and Bayesian missing data problems},
  author={Kong, Augustine and Liu, Jun S and Wong, Wing Hung},
  journal={Journal of the American statistical association},
  volume={89},
  number={425},
  pages={278--288},
  year={1994},
  publisher={Taylor \& Francis},
  File={:kong1994sequential.pdf:PDF}
}

@inproceedings{wan2016automatic,
  title={An Automatic Neuron Tracing Method Based on Mean Shift and Minimum Spanning Tree},
  author={Wan, Zhijiang and He, Yishan and Hao, Ming and Yang, Jian and Zhong, Ning},
  booktitle={International Conference on Brain and Health Informatics},
  pages={34--41},
  year={2016},
  organization={Springer}
}

@article{kayasandik2016improved,
  title={Improved detection of soma location and morphology in fluorescence microscopy images of neurons},
  author={Kayasandik, Cihan Bilge and Labate, Demetrio},
  journal={Journal of Neuroscience Methods},
  year={2016},
  publisher={Elsevier}
}

@inproceedings{kirshner2007learning,
  title={Learning with Tree-Averaged Densities and Distributions.},
  author={Kirshner, Sergey},
  booktitle={NIPS},
  pages={761--768},
  year={2007}
}

@article{wu2010automatic,
  title={Automatic robust neurite detection and morphological analysis of neuronal cell cultures in high-content screening},
  author={Wu, Chaohong and Schulte, Joost and Sepp, Katharine J and Littleton, J Troy and Hong, Pengyu},
  journal={Neuroinformatics},
  volume={8},
  number={2},
  pages={83--100},
  year={2010},
  publisher={Springer}
}

@inproceedings{hagenauer1989viterbi,
  title={A Viterbi algorithm with soft-decision outputs and its applications},
  author={Hagenauer, Joachim and Hoeher, Peter},
  booktitle={Global Telecommunications Conference and Exhibition'Communications Technology for the 1990s and Beyond'(GLOBECOM), 1989. IEEE},
  pages={1680--1686},
  year={1989},
  organization={IEEE},

}

@article{arganda2015crowdsourcing,
  title={Crowdsourcing the creation of image segmentation algorithms for connectomics},
  author={Arganda-Carreras, Ignacio and Turaga, Srinivas C and Berger, Daniel R and Cire{\c{s}}an, Dan and Giusti, Alessandro and Gambardella, Luca M and Schmidhuber, J{\"u}rgen and Laptev, Dmitry and Dwivedi, Sarvesh and Buhmann, Joachim M and others},
  journal={Frontiers in neuroanatomy},
  volume={9},
  year={2015},
  publisher={Frontiers Media SA},
  File={:arganda2015crowdsourcing.pdf:PDF}
}

@techreport{turetken2016reconstructing,
  title={Reconstructing Curvilinear Networks using Path Classifiers and Integer Programming},
  author={T{\"u}retken, Engin and Benmansour, Fethallah and Andres, Bjoern and Glowacki, Przemyslaw Rafal and Pfister, Hanspeter and Fua, Pascal},
  year={2016},
  institution={Institute of Electrical and Electronics Engineers},
  File={:turetken2016reconstructing.pdf:PDF}
}

@article{fakhry2016deep,
  title={Deep models for brain EM image segmentation: novel insights and improved performance},
  author={Fakhry, Ahmed and Peng, Hanchuan and Ji, Shuiwang},
  journal={Bioinformatics},
  pages={btw165},
  year={2016},
  publisher={Oxford Univ Press},
  File={:fakhry2016deep.pdf:PDF}
}

@inproceedings{he2015delving,
  title={Delving deep into rectifiers: Surpassing human-level performance on imagenet classification},
  author={He, Kaiming and Zhang, Xiangyu and Ren, Shaoqing and Sun, Jian},
  booktitle={Proceedings of the IEEE International Conference on Computer Vision},
  pages={1026--1034},
  year={2015},
  File={:he2015delving.pdf:PDF}
}

@article{dumoulin2016guide,
  title={A guide to convolution arithmetic for deep learning},
  author={Dumoulin, Vincent and Visin, Francesco},
  journal={arXiv preprint arXiv:1603.07285},
  year={2016},
  File={:he2015delving.pdf:PDF}
}

@article{huang2016deep,
  title={Deep networks with stochastic depth},
  author={Huang, Gao and Sun, Yu and Liu, Zhuang and Sedra, Daniel and Weinberger, Kilian},
  journal={arXiv preprint arXiv:1603.09382},
  year={2016},
  File={:huang2016deep.pdf:PDF} 
}

@article{goodfellow2013multi,
  title={Multi-digit number recognition from street view imagery using deep convolutional neural networks},
  author={Goodfellow, Ian J and Bulatov, Yaroslav and Ibarz, Julian and Arnoud, Sacha and Shet, Vinay},
  journal={arXiv preprint arXiv:1312.6082},
  year={2013},
  File={:goodfellow2013multi.pdf:PDF}
}

@article{benedictus2016fewer,
  title={Fewer numbers, better science.},
  author={Benedictus, R and Miedema, F and Ferguson, MW},
  journal={Nature},
  volume={538},
  number={7626},
  pages={453},
  year={2016},
  File={:benedictus2016fewer.pdf:PDF}
}

@inproceedings{davis2006relationship,
  title={The relationship between Precision-Recall and ROC curves},
  author={Davis, Jesse and Goadrich, Mark},
  booktitle={Proceedings of the 23rd international conference on Machine learning},
  pages={233--240},
  year={2006},
  organization={ACM},
  File={:davis2006relationship.pdf:PDF}
}

@inproceedings{krizhevsky2012imagenet,
  title={Imagenet classification with deep convolutional neural networks},
  author={Krizhevsky, Alex and Sutskever, Ilya and Hinton, Geoffrey E},
  booktitle={Advances in neural information processing systems},
  pages={1097--1105},
  year={2012},
  File={:krizhevsky2012imagenet.pdf:PDF}
}

@inproceedings{erhan2014scalable,
  title={Scalable object detection using deep neural networks},
  author={Erhan, Dumitru and Szegedy, Christian and Toshev, Alexander and Anguelov, Dragomir},
  booktitle={Proceedings of the IEEE Conference on Computer Vision and Pattern Recognition},
  pages={2147--2154},
  year={2014},
  File={:erhan2014scalable.pdf:PDF}
}

@inproceedings{ciresan2012deep,
  title={Deep neural networks segment neuronal membranes in electron microscopy images},
  author={Ciresan, Dan and Giusti, Alessandro and Gambardella, Luca M and Schmidhuber, J{\"u}rgen},
  booktitle={Advances in neural information processing systems},
  pages={2843--2851},
  year={2012},
  File={:ciresan2012deep.pdf:PDF}
}

@inproceedings{ciresan2012multi,
  title={Multi-column deep neural networks for image classification},
  author={Ciregan, Dan and Meier, Ueli and Schmidhuber, J{\"u}rgen},
  booktitle={Computer Vision and Pattern Recognition (CVPR), 2012 IEEE Conference on},
  pages={3642--3649},
  year={2012},
  organization={IEEE},
  File={:ciresan2012multi.pdf:PDF}
}

@article{stockley1993system,
  title={A system for quantitative morphological measurement and electrotonic modelling of neurons: three-dimensional reconstruction},
  author={Stockley, EW and Cole, HM and Brown, AD and Wheal, HV},
  journal={Journal of neuroscience methods},
  volume={47},
  number={1},
  pages={39--51},
  year={1993},
  publisher={Elsevier}
}