% Encoding: UTF-8




@article{chenouard2014objective,
	Author = {Chenouard, Nicolas and Smal, Ihor and De Chaumont, Fabrice and Ma{\v{s}}ka, Martin and Sbalzarini, Ivo F and Gong, Yuanhao and Cardinale, Janick and Carthel, Craig and Coraluppi, Stefano and Winter, Mark and others},
	Date-Added = {2018-06-06 17:54:40 +0000},
	Date-Modified = {2018-06-06 17:54:40 +0000},
	Journal = {Nature methods},
	Number = {3},
	Pages = {281},
	Publisher = {Nature Publishing Group},
	Title = {Objective comparison of particle tracking methods},
	Volume = {11},
	Year = {2014}}

@book{sonka2014image,
	Author = {Sonka, Milan and Hlavac, Vaclav and Boyle, Roger},
	Date-Added = {2018-06-06 17:33:24 +0000},
	Date-Modified = {2018-06-06 17:33:24 +0000},
	Publisher = {Cengage Learning},
	Title = {Image processing, analysis, and machine vision},
	Year = {2014}}

@article{metropolis1989monte,
	Author = {Metropolis, N},
	Date-Added = {2018-06-06 14:03:16 +0000},
	Date-Modified = {2018-06-06 14:03:16 +0000},
	Journal = {From Cardinals to Chaos: Reflection on the Life and Legacy of Stanislaw Ulam},
	Pages = {125},
	Publisher = {CUP Archive},
	Title = {MONTE CARLO METHOD},
	Year = {1989}}

@article{narayanaswamy20113,
	Author = {Narayanaswamy, Arunachalam and Wang, Yu and Roysam, Badrinath},
	Date-Added = {2018-06-06 12:01:55 +0000},
	Date-Modified = {2018-06-06 12:01:55 +0000},
	Journal = {Neuroinformatics},
	Number = {2-3},
	Pages = {219--231},
	Publisher = {Springer},
	Title = {3-D image pre-processing algorithms for improved automated tracing of neuronal arbors},
	Volume = {9},
	Year = {2011}}

@article{leandro2009automatic,
	Author = {Leandro, Jorge JG and Cesar-Jr, Roberto M and Costa, L da F},
	Date-Added = {2018-06-06 11:55:16 +0000},
	Date-Modified = {2018-06-06 11:55:16 +0000},
	Journal = {Journal of neuroscience methods},
	Number = {2},
	Pages = {497--509},
	Publisher = {Elsevier},
	Title = {Automatic contour extraction from 2D neuron images},
	Volume = {177},
	Year = {2009}}

@article{weaver2004automated,
	Author = {Weaver, Christina M and Hof, Patrick R and Wearne, Susan L and Lindquist, W Brent},
	Date-Added = {2018-06-06 11:54:23 +0000},
	Date-Modified = {2018-06-06 11:54:23 +0000},
	Journal = {Neural computation},
	Number = {7},
	Pages = {1353--1383},
	Publisher = {MIT Press},
	Title = {Automated algorithms for multiscale morphometry of neuronal dendrites},
	Volume = {16},
	Year = {2004}}

@article{he2003automated,
	Author = {He, Wenyun and Hamilton, Thomas A and Cohen, Andrew R and Holmes, Timothy J and Pace, Christopher and Szarowski, Donald H and Turner, James N and Roysam, Badrinath},
	Date-Added = {2018-06-06 11:53:37 +0000},
	Date-Modified = {2018-06-06 11:53:37 +0000},
	Journal = {Microscopy and microanalysis},
	Number = {4},
	Pages = {296--310},
	Publisher = {Cambridge University Press},
	Title = {Automated three-dimensional tracing of neurons in confocal and brightfield images},
	Volume = {9},
	Year = {2003}}

@article{iber2013control,
	Author = {Iber, Dagmar and Menshykau, Denis},
	Date-Added = {2018-06-06 10:56:43 +0000},
	Date-Modified = {2018-06-06 10:56:43 +0000},
	Journal = {Open biology},
	Number = {9},
	Pages = {130088},
	Publisher = {Royal Society Journals},
	Title = {The control of branching morphogenesis},
	Volume = {3},
	Year = {2013}}

@article{hansen2004neural,
	Author = {Hansen, Thorsten and Neumann, Heiko},
	Date-Added = {2018-06-06 10:54:08 +0000},
	Date-Modified = {2018-06-06 10:54:08 +0000},
	Journal = {Neural Computation},
	Number = {5},
	Pages = {1013--1037},
	Publisher = {MITP},
	Title = {Neural mechanisms for the robust representation of junctions},
	Volume = {16},
	Year = {2004}}

@article{dercksen2014filament,
	Author = {Dercksen, Vincent J and Hege, Hans-Christian and Oberlaender, Marcel},
	Date-Added = {2018-06-06 10:19:21 +0000},
	Date-Modified = {2018-06-06 10:19:21 +0000},
	Journal = {Neuroinformatics},
	Number = {2},
	Pages = {325--339},
	Publisher = {Springer},
	Title = {The Filament Editor: an interactive software environment for visualization, proof-editing and analysis of 3D neuron morphology},
	Volume = {12},
	Year = {2014}}

@article{dima2002automatic,
	Author = {Dima, Anca and Scholz, Michael and Obermayer, Klaus},
	Date-Added = {2018-06-06 09:55:01 +0000},
	Date-Modified = {2018-06-06 09:55:01 +0000},
	Journal = {IEEE Transactions on image processing},
	Number = {7},
	Pages = {790--801},
	Publisher = {IEEE},
	Title = {Automatic segmentation and skeletonization of neurons from confocal microscopy images based on the 3-D wavelet transform},
	Volume = {11},
	Year = {2002}}

@article{basu2013segmentation,
	Author = {Basu, Saurav and Condron, Barry and Aksel, Alla and Acton, Scott T},
	Date-Added = {2018-06-06 09:51:04 +0000},
	Date-Modified = {2018-06-06 09:51:04 +0000},
	Journal = {IEEE journal of biomedical and health informatics},
	Number = {2},
	Pages = {319--335},
	Publisher = {IEEE},
	Title = {Segmentation and tracing of single neurons from 3D confocal microscope images},
	Volume = {17},
	Year = {2013}}

@article{jiang2015principles,
	Author = {Jiang, Xiaolong and Shen, Shan and Cadwell, Cathryn R and Berens, Philipp and Sinz, Fabian and Ecker, Alexander S and Patel, Saumil and Tolias, Andreas S},
	Date-Added = {2018-06-05 11:37:22 +0000},
	Date-Modified = {2018-06-05 11:37:22 +0000},
	Journal = {Science},
	Number = {6264},
	Pages = {aac9462},
	Publisher = {American Association for the Advancement of Science},
	Title = {Principles of connectivity among morphologically defined cell types in adult neocortex},
	Volume = {350},
	Year = {2015}}

@article{peng2011automatic,
	Author = {Peng, Hanchuan and Long, Fuhui and Myers, Gene},
	Date-Added = {2018-05-21 15:49:29 +0000},
	Date-Modified = {2018-05-21 15:49:29 +0000},
	Journal = {Bioinformatics},
	Number = {13},
	Pages = {i239--i247},
	Publisher = {Oxford University Press},
	Title = {Automatic 3D neuron tracing using all-path pruning},
	Volume = {27},
	Year = {2011}}

@article{chen2015smarttracing,
	Author = {Chen, Hanbo and Xiao, Hang and Liu, Tianming and Peng, Hanchuan},
	Date-Added = {2018-05-21 15:36:00 +0000},
	Date-Modified = {2018-05-21 15:36:00 +0000},
	Journal = {Brain informatics},
	Number = {3},
	Pages = {135--144},
	Publisher = {Springer},
	Title = {SmartTracing: self-learning-based neuron reconstruction},
	Volume = {2},
	Year = {2015}}

@inproceedings{blum2005combining,
	Author = {Blum, Christian and Blesa, Maria},
	Booktitle = {International Work-Conference on Artificial Neural Networks},
	Date-Added = {2018-05-21 15:04:41 +0000},
	Date-Modified = {2018-05-21 15:04:41 +0000},
	Organization = {Springer},
	Pages = {25--33},
	Title = {Combining ant colony optimization with dynamic programming for solving the k-cardinality tree problem},
	Year = {2005}}

@inproceedings{gonzalez2010delineating,
	Author = {Gonz{\'a}lez, Germ{\'a}n and T{\"u}retken, Engin and Fua, Pascal and others},
	Booktitle = {Computer Vision and Pattern Recognition (CVPR), 2010 IEEE Conference on},
	Date-Added = {2018-05-21 14:57:39 +0000},
	Date-Modified = {2018-05-21 14:57:39 +0000},
	Organization = {IEEE},
	Pages = {2799--2806},
	Title = {Delineating trees in noisy 2D images and 3D image-stacks},
	Year = {2010}}

@article{chimani2009obtaining,
	Author = {Chimani, Markus and Kandyba, Maria and Ljubi{\'c}, Ivana and Mutzel, Petra},
	Date-Added = {2018-05-21 14:44:51 +0000},
	Date-Modified = {2018-05-21 14:44:51 +0000},
	Journal = {Journal of Experimental Algorithmics (JEA)},
	Pages = {5},
	Publisher = {ACM},
	Title = {Obtaining optimal k-cardinality trees fast},
	Volume = {14},
	Year = {2009}}

@inproceedings{xie2010automatic,
	Author = {Xie, Jun and Zhao, Ting and Lee, Tzumin and Myers, Eugene and Peng, Hanchuan},
	Booktitle = {International Conference on Medical Image Computing and Computer-Assisted Intervention},
	Date-Added = {2018-05-21 11:39:19 +0000},
	Date-Modified = {2018-05-21 11:39:19 +0000},
	Organization = {Springer},
	Pages = {472--479},
	Title = {Automatic neuron tracing in volumetric microscopy images with anisotropic path searching},
	Year = {2010}}

@inproceedings{zhang2016reconstruction,
	Author = {Zhang, Donghao and Liu, Siqi and Liu, Sidong and Feng, Dagan and Peng, Hanchuan and Cai, Weidong},
	Booktitle = {Biomedical Imaging (ISBI), 2016 IEEE 13th International Symposium on},
	Date-Added = {2018-05-21 11:24:27 +0000},
	Date-Modified = {2018-05-21 11:24:27 +0000},
	Organization = {IEEE},
	Pages = {598--601},
	Title = {Reconstruction of 3D neuron morphology using Rivulet back-tracking},
	Year = {2016}}

@inproceedings{basu2014reconstructing,
	Author = {Basu, Sreetama and Racoceanu, Daniel},
	Booktitle = {Image Processing (ICIP), 2014 IEEE International Conference on},
	Date-Added = {2018-05-21 10:08:58 +0000},
	Date-Modified = {2018-05-21 10:08:58 +0000},
	Organization = {IEEE},
	Pages = {3597--3601},
	Title = {Reconstructing neuronal morphology from microscopy stacks using fast marching},
	Year = {2014}}

@article{santamaria2015automatic,
	Author = {Santamar{\'\i}a-Pang, Alberto and Hernandez-Herrera, Paul and Papadakis, Manos and Saggau, Peter and Kakadiaris, Ioannis A},
	Date-Added = {2018-05-21 10:06:15 +0000},
	Date-Modified = {2018-05-21 10:06:15 +0000},
	Journal = {Neuroinformatics},
	Number = {3},
	Pages = {297--320},
	Publisher = {Springer},
	Title = {Automatic morphological reconstruction of neurons from multiphoton and confocal microscopy images using 3D tubular models},
	Volume = {13},
	Year = {2015}}

@article{yuan2009mdl,
	Author = {Yuan, Xiaosong and Trachtenberg, Joshua T and Potter, Steve M and Roysam, Badrinath},
	Date-Added = {2018-05-20 15:47:20 +0000},
	Date-Modified = {2018-05-20 15:47:20 +0000},
	Journal = {Neuroinformatics},
	Number = {4},
	Pages = {213},
	Publisher = {Springer},
	Title = {MDL constrained 3-D grayscale skeletonization algorithm for automated extraction of dendrites and spines from fluorescence confocal images},
	Volume = {7},
	Year = {2009}}

@inproceedings{gordon1993novel,
	Author = {Gordon, Neil J and Salmond, David J and Smith, Adrian FM},
	Booktitle = {IEE Proceedings F (Radar and Signal Processing)},
	Date-Added = {2018-05-20 14:30:39 +0000},
	Date-Modified = {2018-05-20 14:30:39 +0000},
	Number = {2},
	Organization = {IET},
	Pages = {107--113},
	Title = {Novel approach to nonlinear/non-Gaussian Bayesian state estimation},
	Volume = {140},
	Year = {1993}}

@book{sarkka2013bayesian,
	Author = {S{\"a}rkk{\"a}, Simo},
	Date-Added = {2018-05-19 22:30:04 +0000},
	Date-Modified = {2018-05-19 22:30:04 +0000},
	Publisher = {Cambridge University Press},
	Title = {Bayesian filtering and smoothing},
	Volume = {3},
	Year = {2013}}

@inproceedings{mukherjee2012automated,
	Author = {Mukherjee, Amit and Stepanyants, Armen},
	Booktitle = {Medical Imaging 2012: Image Processing},
	Date-Added = {2018-05-13 15:48:40 +0000},
	Date-Modified = {2018-05-13 15:48:40 +0000},
	Organization = {International Society for Optics and Photonics},
	Pages = {83141I},
	Title = {Automated reconstruction of neural trees using front re-initialization},
	Volume = {8314},
	Year = {2012}}

@article{mukherjee2015tubularity,
	Author = {Mukherjee, Suvadip and Condron, Barry and Acton, Scott T},
	Date-Added = {2018-05-13 15:42:59 +0000},
	Date-Modified = {2018-05-13 15:42:59 +0000},
	Journal = {IEEE Transactions on Image Processing},
	Number = {1},
	Pages = {374--389},
	Publisher = {IEEE},
	Title = {Tubularity flow field---a technique for automatic neuron segmentation},
	Volume = {24},
	Year = {2015}}

@article{van2007subvoxel,
	Author = {Van Uitert, Robert and Bitter, Ingmar},
	Date-Added = {2018-05-13 15:26:02 +0000},
	Date-Modified = {2018-05-13 15:26:02 +0000},
	Journal = {Medical physics},
	Number = {2},
	Pages = {627--638},
	Publisher = {Wiley Online Library},
	Title = {Subvoxel precise skeletons of volumetric data based on fast marching methods},
	Volume = {34},
	Year = {2007}}

@article{schmitt2004new,
	Author = {Schmitt, Stephan and Evers, Jan Felix and Duch, Carsten and Scholz, Michael and Obermayer, Klaus},
	Date-Added = {2018-05-13 15:23:49 +0000},
	Date-Modified = {2018-05-13 15:23:49 +0000},
	Journal = {Neuroimage},
	Number = {4},
	Pages = {1283--1298},
	Publisher = {Elsevier},
	Title = {New methods for the computer-assisted 3-D reconstruction of neurons from confocal image stacks},
	Volume = {23},
	Year = {2004}}

@book{sethian1999level,
	Author = {Sethian, James Albert},
	Date-Added = {2018-05-13 14:58:27 +0000},
	Date-Modified = {2018-05-13 14:58:27 +0000},
	Publisher = {Cambridge university press},
	Title = {Level set methods and fast marching methods: evolving interfaces in computational geometry, fluid mechanics, computer vision, and materials science},
	Volume = {3},
	Year = {1999}}

@article{peng2007straightening,
	Author = {Peng, Hanchuan and Long, Fuhui and Liu, Xiao and Kim, Stuart K and Myers, Eugene W},
	Date-Added = {2018-05-12 19:53:38 +0000},
	Date-Modified = {2018-05-12 19:53:38 +0000},
	Journal = {Bioinformatics},
	Number = {2},
	Pages = {234--242},
	Publisher = {Oxford University Press},
	Title = {Straightening Caenorhabditis elegans images},
	Volume = {24},
	Year = {2007}}

@article{glaser1990neuron,
	Author = {Glaser, Jacob R and Glaser, Edmund M},
	Date-Added = {2018-05-05 12:46:49 +0000},
	Date-Modified = {2018-05-05 12:46:49 +0000},
	Journal = {Computerized Medical Imaging and Graphics},
	Number = {5},
	Pages = {307--317},
	Publisher = {Elsevier},
	Title = {Neuron imaging with Neurolucida---a PC-based system for image combining microscopy},
	Volume = {14},
	Year = {1990},
	Bdsk-Url-1 = {https://doi.org/10.1016/0895-6111(90)90105-K}}

@article{radojevic-pnr,
	Annote = {In review},
	Author = {Radojevi{\'c}, Miroslav and Meijering, Erik},
	Date-Added = {2018-05-04 15:42:50 +0000},
	Date-Modified = {2018-05-05 14:02:54 +0000},
	Journal = {Neuroinformatics},
	Title = {Automated Neuron Reconstruction from 3D Fluorescence Microscopy Images using Sequential Monte Carlo Estimation}}

@inproceedings{zhou2015neuron,
	Author = {Zhou, Zhi and Sorensen, Staci A and Peng, Hanchuan},
	Booktitle = {Biomedical Imaging (ISBI), 2015 IEEE 12th International Symposium on},
	Date-Added = {2018-05-04 15:41:01 +0000},
	Date-Modified = {2018-05-04 15:41:01 +0000},
	Organization = {IEEE},
	Pages = {870--874},
	Title = {Neuron crawler: an automatic tracing algorithm for very large neuron images},
	Year = {2015}}

@inproceedings{fei2005bayesian,
	Author = {Fei-Fei, Li and Perona, Pietro},
	Booktitle = {Computer Vision and Pattern Recognition, 2005. CVPR 2005. IEEE Computer Society Conference on},
	Date-Added = {2018-05-04 14:27:41 +0000},
	Date-Modified = {2018-05-04 14:27:41 +0000},
	Organization = {IEEE},
	Pages = {524--531},
	Title = {A bayesian hierarchical model for learning natural scene categories},
	Volume = {2},
	Year = {2005}}

@article{saito2015precision,
	Author = {Saito, Takaya and Rehmsmeier, Marc},
	Date-Added = {2018-05-04 14:26:20 +0000},
	Date-Modified = {2018-05-04 14:26:20 +0000},
	Journal = {PloS one},
	Number = {3},
	Pages = {e0118432},
	Publisher = {Public Library of Science},
	Title = {The precision-recall plot is more informative than the ROC plot when evaluating binary classifiers on imbalanced datasets},
	Volume = {10},
	Year = {2015}}

@article{gibson1992experimental,
	Author = {Gibson, Sarah Frisken and Lanni, Frederick},
	Date-Added = {2018-05-04 11:01:09 +0000},
	Date-Modified = {2018-05-04 11:01:09 +0000},
	Journal = {JOSA A},
	Number = {1},
	Pages = {154--166},
	Publisher = {Optical Society of America},
	Title = {Experimental test of an analytical model of aberration in an oil-immersion objective lens used in three-dimensional light microscopy},
	Volume = {9},
	Year = {1992}}

@article{polavaram2014statistical,
	Author = {Polavaram, Sridevi and Gillette, Todd A and Parekh, Ruchi and Ascoli, Giorgio A},
	Date-Added = {2018-05-04 10:59:12 +0000},
	Date-Modified = {2018-05-04 10:59:12 +0000},
	Journal = {Frontiers in neuroanatomy},
	Pages = {138},
	Publisher = {Frontiers},
	Title = {Statistical analysis and data mining of digital reconstructions of dendritic morphologies},
	Volume = {8},
	Year = {2014}}

@book{cox2012optical,
	Author = {Cox, Guy},
	Date-Added = {2018-05-04 09:59:50 +0000},
	Date-Modified = {2018-05-04 09:59:50 +0000},
	Publisher = {CRC Press},
	Title = {Optical imaging techniques in cell biology},
	Year = {2012}}

@article{smal2010quantitative,
	Author = {Smal, Ihor and Loog, Marco and Niessen, Wiro and Meijering, Erik},
	Date-Added = {2018-05-04 09:43:25 +0000},
	Date-Modified = {2018-05-04 09:43:25 +0000},
	Journal = {IEEE transactions on medical imaging},
	Number = {2},
	Pages = {282--301},
	Publisher = {IEEE},
	Title = {Quantitative comparison of spot detection methods in fluorescence microscopy},
	Volume = {29},
	Year = {2010}}

@article{dijkstra1959note,
	Author = {Dijkstra, Edsger W},
	Date-Added = {2018-05-03 15:59:13 +0000},
	Date-Modified = {2018-05-03 15:59:13 +0000},
	Journal = {Numerische mathematik},
	Number = {1},
	Pages = {269--271},
	Publisher = {Springer},
	Title = {A note on two problems in connexion with graphs},
	Volume = {1},
	Year = {1959}}

@article{cheezum2001quantitative,
	Author = {Cheezum, Michael K and Walker, William F and Guilford, William H},
	Date-Added = {2018-05-03 13:43:43 +0000},
	Date-Modified = {2018-05-03 13:43:43 +0000},
	Journal = {Biophysical journal},
	Number = {4},
	Pages = {2378--2388},
	Publisher = {Elsevier},
	Title = {Quantitative comparison of algorithms for tracking single fluorescent particles},
	Volume = {81},
	Year = {2001}}

@article{van1998digital,
	Author = {van Vliet, Lucas J and Sudar, Damir and Young, Ian T},
	Date-Added = {2018-05-03 13:09:57 +0000},
	Date-Modified = {2018-05-03 13:09:57 +0000},
	Journal = {JE Celis (eds); Cell Biol. Second Eddition},
	Pages = {109--120},
	Title = {Digital Fluorescence Imaging Using Cooled CCD Array Cameras invisible},
	Volume = {3},
	Year = {1998}}

@incollection{zadeh1976fuzzy,
	Author = {Zadeh, Lotfi A},
	Booktitle = {Systems Theory in the Social Sciences},
	Date-Added = {2018-05-03 09:54:27 +0000},
	Date-Modified = {2018-05-03 09:54:27 +0000},
	Pages = {202--282},
	Publisher = {Springer},
	Title = {A fuzzy-algorithmic approach to the definition of complex or imprecise concepts},
	Year = {1976}}

@article{zadeh1975concept,
	Author = {Zadeh, Lotfi Asker},
	Date-Added = {2018-05-03 09:53:17 +0000},
	Date-Modified = {2018-05-03 09:53:17 +0000},
	Journal = {Information sciences},
	Number = {3},
	Pages = {199--249},
	Publisher = {Elsevier},
	Title = {The concept of a linguistic variable and its application to approximate reasoning---I},
	Volume = {8},
	Year = {1975}}

@incollection{zadeh1996toward,
	Author = {Zadeh, Lotfi Asker},
	Booktitle = {Fuzzy Sets, Fuzzy Logic, And Fuzzy Systems: Selected Papers by Lotfi A Zadeh},
	Date-Added = {2018-05-03 09:51:39 +0000},
	Date-Modified = {2018-05-03 09:51:39 +0000},
	Pages = {83--104},
	Publisher = {World Scientific},
	Title = {Toward a theory of fuzzy systems},
	Year = {1996}}

@article{zadeh1973outline,
	Author = {Zadeh, Lotfi A},
	Date-Added = {2018-05-03 09:50:21 +0000},
	Date-Modified = {2018-05-03 09:50:21 +0000},
	Journal = {IEEE Transactions on systems, Man, and Cybernetics},
	Number = {1},
	Pages = {28--44},
	Publisher = {IEEE},
	Title = {Outline of a new approach to the analysis of complex systems and decision processes},
	Year = {1973}}

@incollection{zadeh1996fuzzy,
	Author = {Zadeh, Lotfi A},
	Booktitle = {Fuzzy Sets, Fuzzy Logic, And Fuzzy Systems: Selected Papers by Lotfi A Zadeh},
	Date-Added = {2018-05-03 09:24:52 +0000},
	Date-Modified = {2018-05-03 09:24:52 +0000},
	Pages = {394--432},
	Publisher = {World Scientific},
	Title = {Fuzzy sets},
	Year = {1996}}

@inproceedings{ciregan2012multi,
	Author = {Ciregan, Dan and Meier, Ueli and Schmidhuber, J{\"u}rgen},
	Booktitle = {Computer vision and pattern recognition (CVPR), 2012 IEEE conference on},
	Date-Added = {2018-05-03 09:10:43 +0000},
	Date-Modified = {2018-05-03 09:10:43 +0000},
	Organization = {IEEE},
	Pages = {3642--3649},
	Title = {Multi-column deep neural networks for image classification},
	Year = {2012}}

@article{fakhry2017residual,
	Author = {Fakhry, Ahmed and Zeng, Tao and Ji, Shuiwang},
	Date-Added = {2018-05-03 09:09:59 +0000},
	Date-Modified = {2018-05-03 09:09:59 +0000},
	Journal = {IEEE transactions on medical imaging},
	Number = {2},
	Pages = {447--456},
	Publisher = {IEEE},
	Title = {Residual deconvolutional networks for brain electron microscopy image segmentation},
	Volume = {36},
	Year = {2017}}

@article{glickstein2006golgi,
	Author = {Glickstein, Mitch},
	Date-Added = {2018-05-03 09:09:24 +0000},
	Date-Modified = {2018-05-03 09:09:24 +0000},
	Journal = {Current Biology},
	Number = {5},
	Pages = {R147--R151},
	Publisher = {Elsevier},
	Title = {Golgi and Cajal: The neuron doctrine and the 100th anniversary of the 1906 Nobel Prize},
	Volume = {16},
	Year = {2006}}

@article{silver2016mastering,
	Author = {Silver, David and Huang, Aja and Maddison, Chris J and Guez, Arthur and Sifre, Laurent and Van Den Driessche, George and Schrittwieser, Julian and Antonoglou, Ioannis and Panneershelvam, Veda and Lanctot, Marc and others},
	Date-Added = {2018-05-03 09:08:46 +0000},
	Date-Modified = {2018-05-03 09:08:46 +0000},
	Journal = {nature},
	Number = {7587},
	Pages = {484--489},
	Publisher = {Nature Research},
	Title = {Mastering the game of Go with deep neural networks and tree search},
	Volume = {529},
	Year = {2016}}

@article{bock2013cajal,
	Author = {Bock, Ortwin},
	Date-Added = {2018-05-03 09:07:06 +0000},
	Date-Modified = {2018-05-03 09:07:06 +0000},
	Journal = {Endeavour},
	Number = {4},
	Pages = {228--234},
	Publisher = {Elsevier},
	Title = {Cajal, Golgi, Nansen, Sch{\"a}fer and the neuron doctrine},
	Volume = {37},
	Year = {2013}}

@article{li2017deep,
	Author = {Li, Rongjian and Zeng, Tao and Peng, Hanchuan and Ji, Shuiwang},
	Date-Added = {2018-05-03 09:05:47 +0000},
	Date-Modified = {2018-05-03 09:05:47 +0000},
	Journal = {IEEE transactions on medical imaging},
	Number = {7},
	Pages = {1533--1541},
	Publisher = {IEEE},
	Title = {Deep Learning Segmentation of Optical Microscopy Images Improves 3-D Neuron Reconstruction},
	Volume = {36},
	Year = {2017}}

@article{zadeh1998some,
	Author = {Zadeh, Lotfi A},
	Date-Added = {2018-05-02 19:05:52 +0000},
	Date-Modified = {2018-05-02 19:05:52 +0000},
	Journal = {Soft computing},
	Number = {1},
	Pages = {23--25},
	Publisher = {Springer},
	Title = {Some reflections on soft computing, granular computing and their roles in the conception, design and utilization of information/intelligent systems},
	Volume = {2},
	Year = {1998}}

@article{zadeh1997toward,
	Author = {Zadeh, Lotfi A},
	Date-Added = {2018-05-02 19:05:04 +0000},
	Date-Modified = {2018-05-02 19:05:04 +0000},
	Journal = {Fuzzy sets and systems},
	Number = {2},
	Pages = {111--127},
	Publisher = {Elsevier},
	Title = {Toward a theory of fuzzy information granulation and its centrality in human reasoning and fuzzy logic},
	Volume = {90},
	Year = {1997}}

@article{shaw1991point,
	Author = {Shaw, Peter J and Rawlins, David J},
	Date-Added = {2018-05-02 18:55:36 +0000},
	Date-Modified = {2018-05-02 18:55:36 +0000},
	Journal = {Journal of Microscopy},
	Number = {2},
	Pages = {151--165},
	Publisher = {Wiley Online Library},
	Title = {The point-spread function of a confocal microscope: its measurement and use in deconvolution of 3-D data},
	Volume = {163},
	Year = {1991}}

@incollection{doucet2001introduction,
	Author = {Doucet, Arnaud and De Freitas, Nando and Gordon, Neil},
	Booktitle = {Sequential Monte Carlo methods in practice},
	Date-Added = {2018-05-02 16:53:59 +0000},
	Date-Modified = {2018-05-02 16:53:59 +0000},
	Pages = {3--14},
	Publisher = {Springer},
	Title = {An introduction to sequential Monte Carlo methods},
	Year = {2001}}

@article{radojevic2017automated,
	Author = {Radojevi{\'c}, Miroslav and Meijering, Erik},
	Date-Added = {2018-05-02 14:06:16 +0000},
	Date-Modified = {2018-05-02 14:06:16 +0000},
	Journal = {Bioinformatics},
	Number = {7},
	Pages = {1073--1080},
	Publisher = {Oxford University Press},
	Title = {Automated neuron tracing using probability hypothesis density filtering},
	Volume = {33},
	Year = {2017}}

@article{zhang2007gaussian,
	Author = {Zhang, Bo and Zerubia, Josiane and Olivo-Marin, Jean-Christophe},
	Date-Added = {2018-05-02 12:57:45 +0000},
	Date-Modified = {2018-05-02 12:57:45 +0000},
	Journal = {Applied optics},
	Number = {10},
	Pages = {1819--1829},
	Publisher = {Optical Society of America},
	Title = {Gaussian approximations of fluorescence microscope point-spread function models},
	Volume = {46},
	Year = {2007}}

@misc{liu2011diadem,
	Author = {Liu, Yuan},
	Date-Added = {2018-05-02 10:28:53 +0000},
	Date-Modified = {2018-05-02 10:28:53 +0000},
	Publisher = {Springer},
	Title = {The DIADEM and beyond},
	Year = {2011}}

@article{parekh2013neuronal,
	Author = {Parekh, Ruchi and Ascoli, Giorgio A},
	Date-Added = {2018-05-02 09:47:53 +0000},
	Date-Modified = {2018-05-02 09:47:53 +0000},
	Journal = {Neuron},
	Number = {6},
	Pages = {1017--1038},
	Publisher = {Elsevier},
	Title = {Neuronal morphology goes digital: a research hub for cellular and system neuroscience},
	Volume = {77},
	Year = {2013}}

@article{scorcioni2008measure,
	Author = {Scorcioni, Ruggero and Polavaram, Sridevi and Ascoli, Giorgio A},
	Date-Added = {2018-05-01 18:24:57 +0000},
	Date-Modified = {2018-05-01 18:24:57 +0000},
	Journal = {Nature protocols},
	Number = {5},
	Pages = {866},
	Publisher = {Nature Publishing Group},
	Title = {L-Measure: a web-accessible tool for the analysis, comparison and search of digital reconstructions of neuronal morphologies},
	Volume = {3},
	Year = {2008}}

@article{peng2017automatic,
	Author = {Peng, Hanchuan and Zhou, Zhi and Meijering, Erik and Zhao, Ting and Ascoli, Giorgio A and Hawrylycz, Michael},
	Date-Added = {2018-05-01 15:16:42 +0000},
	Date-Modified = {2018-05-01 15:16:42 +0000},
	Journal = {Nature methods},
	Number = {4},
	Pages = {332},
	Publisher = {Nature Publishing Group},
	Title = {Automatic tracing of ultra-volumes of neuronal images},
	Volume = {14},
	Year = {2017}}

@article{meijering2016imagining,
	Author = {Meijering, Erik and Carpenter, Anne E and Peng, Hanchuan and Hamprecht, Fred A and Olivo-Marin, Jean-Christophe},
	Date-Added = {2018-05-01 14:39:05 +0000},
	Date-Modified = {2018-05-01 14:39:05 +0000},
	Journal = {Nature biotechnology},
	Number = {12},
	Pages = {1250},
	Publisher = {Nature Publishing Group},
	Title = {Imagining the future of bioimage analysis},
	Volume = {34},
	Year = {2016}}

@article{markram2015reconstruction,
	Author = {Markram, Henry and Muller, Eilif and Ramaswamy, Srikanth and Reimann, Michael W and Abdellah, Marwan and Sanchez, Carlos Aguado and Ailamaki, Anastasia and Alonso-Nanclares, Lidia and Antille, Nicolas and Arsever, Selim and others},
	Date-Added = {2018-04-30 12:45:06 +0000},
	Date-Modified = {2018-04-30 12:45:06 +0000},
	Journal = {Cell},
	Number = {2},
	Pages = {456--492},
	Publisher = {Elsevier},
	Title = {Reconstruction and simulation of neocortical microcircuitry},
	Volume = {163},
	Year = {2015}}

@article{bakker2016web,
	Author = {Bakker, Rembrandt and Paul, Tiesinga},
	Date-Added = {2018-04-30 12:41:04 +0000},
	Date-Modified = {2018-04-30 12:41:04 +0000},
	Journal = {Neuroinformatics 2016},
	Number = {FZJ-2016-04817},
	Publisher = {JARA-BRAIN},
	Title = {Web-based neuron morphology viewer as an aid to develop new standards for neuron morphology file formats.},
	Volume = {10},
	Year = {2016}}

@article{garcia2014new,
	Author = {Garcia-Segura, Luis Miguel and Perez-Marquez, Julio},
	Date-Added = {2018-04-29 19:00:50 +0000},
	Date-Modified = {2018-04-29 19:00:50 +0000},
	Journal = {Journal of neuroscience methods},
	Pages = {103--109},
	Publisher = {Elsevier},
	Title = {A new mathematical function to evaluate neuronal morphology using the Sholl analysis},
	Volume = {226},
	Year = {2014}}

@article{o2015assessing,
	Author = {O'Neill, Kate M and Akum, Barbara F and Dhawan, Survandita T and Kwon, Munjin and Langhammer, Christopher G and Firestein, Bonnie L},
	Date-Added = {2018-04-29 18:59:53 +0000},
	Date-Modified = {2018-04-29 18:59:53 +0000},
	Journal = {Frontiers in cellular neuroscience},
	Pages = {285},
	Publisher = {Frontiers},
	Title = {Assessing effects on dendritic arborization using novel Sholl analyses},
	Volume = {9},
	Year = {2015}}

@article{chowdhury2014activity,
	Author = {Chowdhury, Tara G and Barbarich-Marsteller, Nicole C and Chan, Thomas E and Aoki, Chiye},
	Date-Added = {2018-04-29 18:58:44 +0000},
	Date-Modified = {2018-04-29 18:58:44 +0000},
	Journal = {Brain structure and function},
	Number = {6},
	Pages = {1935--1945},
	Publisher = {Springer},
	Title = {Activity-based anorexia has differential effects on apical dendritic branching in dorsal and ventral hippocampal CA1},
	Volume = {219},
	Year = {2014}}

@article{hamilton2012ontological,
	Author = {Hamilton, David J and Shepherd, Gordon M and Martone, Maryann E and Ascoli, Giorgio A},
	Date-Added = {2018-04-29 18:46:38 +0000},
	Date-Modified = {2018-04-29 18:46:38 +0000},
	Journal = {Frontiers in neuroinformatics},
	Pages = {15},
	Publisher = {Frontiers},
	Title = {An ontological approach to describing neurons and their relationships},
	Volume = {6},
	Year = {2012}}

@article{armananzas2015towards,
	Author = {Arma{\~n}anzas, Rub{\'e}n and Ascoli, Giorgio A},
	Date-Added = {2018-04-29 18:39:45 +0000},
	Date-Modified = {2018-04-29 18:39:45 +0000},
	Journal = {Trends in Neurosciences},
	Number = {5},
	Pages = {307--318},
	Publisher = {Elsevier},
	Title = {Towards the automatic classification of neurons},
	Volume = {38},
	Year = {2015}}

@article{samsonovich2005statistical,
	Author = {Samsonovich, Alexei V and Ascoli, Giorgio A},
	Date-Added = {2018-04-29 18:26:00 +0000},
	Date-Modified = {2018-04-29 18:26:00 +0000},
	Journal = {Hippocampus},
	Number = {2},
	Pages = {166--183},
	Publisher = {Wiley Online Library},
	Title = {Statistical determinants of dendritic morphology in hippocampal pyramidal neurons: a hidden Markov model},
	Volume = {15},
	Year = {2005}}

@article{ascoli2000neuron,
	Author = {Ascoli, Giorgio A and Krichmar, Jeffrey L},
	Date-Added = {2018-04-29 18:25:33 +0000},
	Date-Modified = {2018-04-29 18:25:33 +0000},
	Journal = {Neurocomputing},
	Pages = {1003--1011},
	Publisher = {Elsevier},
	Title = {L-Neuron: a modeling tool for the efficient generation and parsimonious description of dendritic morphology},
	Volume = {32},
	Year = {2000}}

@article{ascoli2001computer,
	Author = {Ascoli, Giorgio A and Krichmar, Jeffrey L and Scorcioni, Ruggero and Nasuto, Slawomir J and Senft, Stephen L and Krichmar, GL},
	Date-Added = {2018-04-29 18:17:18 +0000},
	Date-Modified = {2018-04-29 18:17:18 +0000},
	Journal = {Anatomy and Embryology},
	Number = {4},
	Pages = {283--301},
	Publisher = {Springer},
	Title = {Computer generation and quantitative morphometric analysis of virtual neurons},
	Volume = {204},
	Year = {2001}}

@article{sholl1953dendritic,
	Author = {Sholl, Dd A},
	Date-Added = {2018-04-29 17:21:19 +0000},
	Date-Modified = {2018-04-29 17:21:19 +0000},
	Journal = {Journal of anatomy},
	Number = {Pt 4},
	Pages = {387},
	Publisher = {Wiley-Blackwell},
	Title = {Dendritic organization in the neurons of the visual and motor cortices of the cat},
	Volume = {87},
	Year = {1953}}

@article{overdijk1978economical,
	Author = {Overdijk, J and Uylings, HBM and Kuypers, K and Kamstra, AW},
	Date-Added = {2018-04-29 16:28:35 +0000},
	Date-Modified = {2018-04-29 16:28:35 +0000},
	Journal = {Journal of microscopy},
	Number = {3},
	Pages = {271--284},
	Publisher = {Wiley Online Library},
	Title = {An economical, semi-automatic system for measuring cellular tree structures in three dimensions, with special emphasis on Golgi-impregnated neurons},
	Volume = {114},
	Year = {1978}}

@article{macagno1979three,
	Author = {Macagno, ER and Levinthal, C and Sobel, I},
	Date-Added = {2018-04-29 16:18:50 +0000},
	Date-Modified = {2018-04-29 16:18:50 +0000},
	Journal = {Annual review of biophysics and bioengineering},
	Number = {1},
	Pages = {323--351},
	Publisher = {Annual Reviews 4139 El Camino Way, PO Box 10139, Palo Alto, CA 94303-0139, USA},
	Title = {Three-dimensional computer reconstruction of neurons and neuronal assemblies},
	Volume = {8},
	Year = {1979}}

@article{capowski1977computer,
	Author = {Capowski, Joseph J},
	Date-Added = {2018-04-29 16:09:05 +0000},
	Date-Modified = {2018-04-29 16:09:05 +0000},
	Journal = {Computers and Biomedical Research},
	Number = {6},
	Pages = {617--629},
	Publisher = {Elsevier},
	Title = {Computer-aided reconstruction of neuron trees from several serial sections},
	Volume = {10},
	Year = {1977}}

@book{golgi1894untersuchungen,
	Author = {Golgi, Camillo and Teuscher, Reinhold},
	Date-Added = {2018-04-29 15:02:47 +0000},
	Date-Modified = {2018-04-29 15:02:47 +0000},
	Publisher = {G. Fischer},
	Title = {Untersuchungen {\"u}ber den feineren Bau des centralen und peripherischen Nervensystems},
	Volume = {1},
	Year = {1894}}

@article{parekh2015importance,
	Author = {Parekh, Ruchi and Arma{\~n}anzas, Rub{\'e}n and Ascoli, Giorgio A},
	Date-Added = {2018-04-29 14:31:26 +0000},
	Date-Modified = {2018-04-29 14:31:26 +0000},
	Journal = {Cell and tissue research},
	Number = {1},
	Pages = {121--127},
	Publisher = {Springer},
	Title = {The importance of metadata to assess information content in digital reconstructions of neuronal morphology},
	Volume = {360},
	Year = {2015}}

@article{halavi2012digital,
	Author = {Halavi, Maryam and Hamilton, Kelly Andrew and Parekh, Ruchi and Ascoli, Giorgio},
	Date-Added = {2018-04-29 14:23:50 +0000},
	Date-Modified = {2018-04-29 14:23:50 +0000},
	Journal = {Frontiers in neuroscience},
	Pages = {49},
	Publisher = {Frontiers},
	Title = {Digital reconstructions of neuronal morphology: three decades of research trends},
	Volume = {6},
	Year = {2012}}

@article{peng2015bigneuron,
	Author = {Peng, Hanchuan and Hawrylycz, Michael and Roskams, Jane and Hill, Sean and Spruston, Nelson and Meijering, Erik and Ascoli, Giorgio A},
	Date-Added = {2018-04-29 14:05:51 +0000},
	Date-Modified = {2018-04-29 14:05:51 +0000},
	Journal = {Neuron},
	Number = {2},
	Pages = {252--256},
	Publisher = {Elsevier},
	Title = {BigNeuron: large-scale 3D neuron reconstruction from optical microscopy images},
	Volume = {87},
	Year = {2015}}

@article{wilcoxon1945individual,
	Author = {Wilcoxon, Frank},
	Date-Added = {2018-04-29 13:02:59 +0000},
	Date-Modified = {2018-04-29 13:02:59 +0000},
	Journal = {Biometrics bulletin},
	Number = {6},
	Pages = {80--83},
	Publisher = {JSTOR},
	Title = {Individual comparisons by ranking methods},
	Volume = {1},
	Year = {1945}}

@article{croxatto2017towards,
	Author = {Croxatto, Antony and Marcelpoil, Rapha{\"e}l and Orny, C{\'e}drick and Morel, Didier and Prod'hom, Guy and Greub, Gilbert},
	Date-Added = {2018-04-29 10:05:00 +0000},
	Date-Modified = {2018-04-29 10:05:00 +0000},
	Journal = {Biomedical Journal},
	Publisher = {Elsevier},
	Title = {Towards automated detection, semi-quantification and identification of microbial growth in clinical bacteriology: A proof of concept},
	Year = {2017}}

@article{pool2008neuritetracer,
	Author = {Pool, Madeline and Thiemann, Joachim and Bar-Or, Amit and Fournier, Alyson E},
	Date-Added = {2018-04-28 18:20:31 +0000},
	Date-Modified = {2018-04-28 18:20:31 +0000},
	Journal = {Journal of neuroscience methods},
	Number = {1},
	Pages = {134--139},
	Publisher = {Elsevier},
	Title = {NeuriteTracer: a novel ImageJ plugin for automated quantification of neurite outgrowth},
	Volume = {168},
	Year = {2008}}

@article{myatt2012neuromantic,
	Author = {Myatt, Darren and Hadlington, Tye and Ascoli, Giorgio and Nasuto, Slawomir},
	Date-Added = {2018-04-28 18:15:42 +0000},
	Date-Modified = {2018-04-28 18:15:42 +0000},
	Journal = {Frontiers in neuroinformatics},
	Pages = {4},
	Publisher = {Frontiers},
	Title = {Neuromantic--from semi-manual to semi-automatic reconstruction of neuron morphology},
	Volume = {6},
	Year = {2012}}

@article{gensel2010semi,
	Author = {Gensel, John C and Schonberg, David L and Alexander, Jessica K and McTigue, Dana M and Popovich, Phillip G},
	Date-Added = {2018-04-28 17:24:14 +0000},
	Date-Modified = {2018-04-28 17:24:14 +0000},
	Journal = {Journal of neuroscience methods},
	Number = {1},
	Pages = {71--79},
	Publisher = {Elsevier},
	Title = {Semi-automated Sholl analysis for quantifying changes in growth and differentiation of neurons and glia},
	Volume = {190},
	Year = {2010}}

@article{mason2007initiation,
	Author = {Mason, Ivor},
	Date-Added = {2018-04-28 17:22:11 +0000},
	Date-Modified = {2018-04-28 17:22:11 +0000},
	Journal = {Nature Reviews Neuroscience},
	Number = {8},
	Pages = {583},
	Publisher = {Nature Publishing Group},
	Title = {Initiation to end point: the multiple roles of fibroblast growth factors in neural development},
	Volume = {8},
	Year = {2007}}

@article{jaffe1979neurites,
	Author = {Jaffe, Lionel F and Poo, Mu-Ming},
	Date-Added = {2018-04-28 17:11:35 +0000},
	Date-Modified = {2018-04-28 17:11:35 +0000},
	Journal = {Journal of Experimental Zoology Part A: Ecological Genetics and Physiology},
	Number = {1},
	Pages = {115--127},
	Publisher = {Wiley Online Library},
	Title = {Neurites grow faster towards the cathode than the anode in a steady field},
	Volume = {209},
	Year = {1979}}

@article{koppes2011neurite,
	Author = {Koppes, Abigail N and Seggio, Angela M and Thompson, Deanna M},
	Date-Added = {2018-04-28 16:54:57 +0000},
	Date-Modified = {2018-04-28 16:54:57 +0000},
	Journal = {Journal of neural engineering},
	Number = {4},
	Pages = {046023},
	Publisher = {IOP Publishing},
	Title = {Neurite outgrowth is significantly increased by the simultaneous presentation of Schwann cells and moderate exogenous electric fields},
	Volume = {8},
	Year = {2011}}

@article{gomez2007immobilized,
	Author = {Gomez, Natalia and Lu, Yi and Chen, Shaochen and Schmidt, Christine E},
	Date-Added = {2018-04-28 16:53:38 +0000},
	Date-Modified = {2018-04-28 16:53:38 +0000},
	Journal = {Biomaterials},
	Number = {2},
	Pages = {271--284},
	Publisher = {Elsevier},
	Title = {Immobilized nerve growth factor and microtopography have distinct effects on polarization versus axon elongation in hippocampal cells in culture},
	Volume = {28},
	Year = {2007}}

@article{defelipe2002microstructure,
	Author = {DeFelipe, Javier and Alonso-Nanclares, Lidia and Arellano, Jon I},
	Date-Added = {2018-04-28 13:57:02 +0000},
	Date-Modified = {2018-04-28 13:57:02 +0000},
	Journal = {Journal of neurocytology},
	Number = {3-5},
	Pages = {299--316},
	Publisher = {Springer},
	Title = {Microstructure of the neocortex: comparative aspects},
	Volume = {31},
	Year = {2002}}

@article{defelipe2013new,
	Author = {DeFelipe, Javier and L{\'o}pez-Cruz, Pedro L and Benavides-Piccione, Ruth and Bielza, Concha and Larra{\~n}aga, Pedro and Anderson, Stewart and Burkhalter, Andreas and Cauli, Bruno and Fair{\'e}n, Alfonso and Feldmeyer, Dirk and others},
	Date-Added = {2018-04-28 13:56:08 +0000},
	Date-Modified = {2018-04-28 13:56:08 +0000},
	Journal = {Nature Reviews Neuroscience},
	Number = {3},
	Pages = {202},
	Publisher = {Nature Publishing Group},
	Title = {New insights into the classification and nomenclature of cortical GABAergic interneurons},
	Volume = {14},
	Year = {2013}}

@article{defelipe1992pyramidal,
	Author = {DeFelipe, Javier and Fari{\~n}as, Isabel},
	Date-Added = {2018-04-28 13:54:40 +0000},
	Date-Modified = {2018-04-28 13:54:40 +0000},
	Journal = {Progress in neurobiology},
	Number = {6},
	Pages = {563--607},
	Publisher = {Elsevier},
	Title = {The pyramidal neuron of the cerebral cortex: morphological and chemical characteristics of the synaptic inputs},
	Volume = {39},
	Year = {1992}}

@article{capowski1981accurate,
	Author = {Capowski, JJ and Sedivec, MJ},
	Date-Added = {2018-04-28 12:35:37 +0000},
	Date-Modified = {2018-04-28 12:35:37 +0000},
	Journal = {Computers and Biomedical Research},
	Number = {6},
	Pages = {518--532},
	Publisher = {Elsevier},
	Title = {Accurate computer reconstruction and graphics display of complex neurons utilizing state-of-the-art interactive techniques},
	Volume = {14},
	Year = {1981}}

@article{glaser1965semi,
	Author = {Glaser, EM and Van der Loos, H},
	Date-Added = {2018-04-28 12:34:57 +0000},
	Date-Modified = {2018-04-28 12:34:57 +0000},
	Journal = {IEEE Transactions on Biomedical Engineering},
	Number = {1},
	Pages = {22--31},
	Publisher = {IEEE},
	Title = {A semi-automatic computer-microscope for the analysis of neuronal morphology},
	Year = {1965}}

@article{costa2002shape,
	Author = {Costa, Luciano da Fontoura and Manoel, Edson Tadeu Monteiro and Faucereau, Fabien and Chelly, Jamel and van Pelt, Jaap and Ramakers, Ger},
	Date-Added = {2018-04-28 12:33:07 +0000},
	Date-Modified = {2018-04-28 12:33:07 +0000},
	Journal = {Network: Computation in Neural Systems},
	Number = {3},
	Pages = {283--310},
	Publisher = {Taylor \& Francis},
	Title = {A shape analysis framework for neuromorphometry},
	Volume = {13},
	Year = {2002}}

@inproceedings{radojevic2017neuron,
	Author = {Radojevi{\'c}, Miroslav and Meijering, Erik},
	Booktitle = {Biomedical Imaging (ISBI 2017), 2017 IEEE 14th International Symposium on},
	Date-Added = {2018-04-28 12:32:12 +0000},
	Date-Modified = {2018-04-28 12:32:12 +0000},
	Organization = {IEEE},
	Pages = {36--39},
	Title = {Neuron reconstruction from fluorescence microscopy images using sequential Monte Carlo estimation},
	Year = {2017}}

@misc{ascoli2008neuroinformatics,
	Author = {Ascoli, Giorgio A},
	Date-Added = {2018-04-28 12:31:20 +0000},
	Date-Modified = {2018-04-28 12:31:20 +0000},
	Publisher = {Springer},
	Title = {Neuroinformatics grand challenges},
	Year = {2008}}

@misc{roysam2009central,
	Author = {Roysam, Badrinath and Shain, William and Ascoli, Giorgio A},
	Date-Added = {2018-04-28 12:30:29 +0000},
	Date-Modified = {2018-04-28 12:30:29 +0000},
	Publisher = {Springer},
	Title = {The central role of neuroinformatics in the national academy of engineering's grandest challenge: reverse engineer the brain},
	Year = {2009}}

@article{bjaalie2008understanding,
	Author = {Bjaalie, Jan G},
	Date-Added = {2018-04-28 12:29:46 +0000},
	Date-Modified = {2018-04-28 12:29:46 +0000},
	Journal = {Frontiers in neuroscience},
	Pages = {22},
	Publisher = {Frontiers},
	Title = {Understanding the brain through neuroinformatics},
	Volume = {2},
	Year = {2008}}

@article{van2001need,
	Author = {van Pelt, Jaap and van Ooyen, Arjen and Uylings, Harry BM},
	Date-Added = {2018-04-28 12:29:06 +0000},
	Date-Modified = {2018-04-28 12:29:06 +0000},
	Journal = {Anatomy and embryology},
	Number = {4},
	Pages = {255--265},
	Publisher = {Springer},
	Title = {The need for integrating neuronal morphology databases and computational environments in exploring neuronal structure and function},
	Volume = {204},
	Year = {2001}}

@article{peng2008bioimage,
	Author = {Peng, Hanchuan},
	Date-Added = {2018-04-28 12:27:55 +0000},
	Date-Modified = {2018-04-28 12:27:55 +0000},
	Journal = {Bioinformatics},
	Number = {17},
	Pages = {1827--1836},
	Publisher = {Oxford University Press},
	Title = {Bioimage informatics: a new area of engineering biology},
	Volume = {24},
	Year = {2008}}

@book{nicholls2001neuron,
	Author = {Nicholls, John G and Martin, A Robert and Wallace, Bruce G and Fuchs, Paul A},
	Date-Added = {2018-04-28 12:26:23 +0000},
	Date-Modified = {2018-04-28 12:26:23 +0000},
	Publisher = {Sinauer Associates Sunderland, MA},
	Title = {From neuron to brain},
	Volume = {271},
	Year = {2001}}

@book{kandel2000principles,
	Author = {Kandel, Eric R and Schwartz, James H and Jessell, Thomas M and Siegelbaum, Steven A and Hudspeth, A James and others},
	Date-Added = {2018-04-28 12:25:30 +0000},
	Date-Modified = {2018-04-28 12:25:30 +0000},
	Publisher = {McGraw-hill New York},
	Title = {Principles of neural science},
	Volume = {4},
	Year = {2000}}

@article{kim2015neuron,
	Author = {Kim, Kwang-Min and Son, Kilho and Palmore, G Tayhas R},
	Date-Added = {2018-04-28 12:04:54 +0000},
	Date-Modified = {2018-04-28 12:04:54 +0000},
	Journal = {Scientific reports},
	Pages = {17062},
	Publisher = {Nature Publishing Group},
	Title = {Neuron image analyzer: Automated and accurate extraction of neuronal data from low quality images},
	Volume = {5},
	Year = {2015}}

@book{ramon2008histologia,
	Author = {Ram{\'o}n, Santiago and others},
	Publisher = {Editorial CSIC-CSIC Press},
	Title = {Histolog{\'\i}a del sistema nervioso del hombre y de los vertebrados},
	Volume = {1},
	Year = {2008}}

@article{ascolitrees,
	Author = {Ascoli, Giorgio A},
	Date-Added = {2017-11-26 17:42:37 +0000},
	Date-Modified = {2017-11-26 17:42:37 +0000},
	Title = {Trees of the Brain, Roots of the Mind}}

@Article{abramoff2004image,
  author    = {Abr{\`a}moff, Michael D and Magalh{\~a}es, Paulo J and Ram, Sunanda J},
  title     = {Image processing with ImageJ},
  journal   = {Biophotonics international},
  year      = {2004},
  volume    = {11},
  number    = {7},
  pages     = {36--43},
  publisher = {LAURIN},
}

@Article{agam2005vessel,
  author    = {Agam, Gady and Armato III, Samuel G and Wu, Changhua},
  title     = {Vessel tree reconstruction in thoracic CT scans with application to nodule detection},
  journal   = {Medical Imaging, IEEE Transactions on},
  year      = {2005},
  volume    = {24},
  number    = {4},
  pages     = {486--499},
  publisher = {IEEE},
}

@Article{aibinu2010vascular,
  author    = {Aibinu, Abiodun Musa and Iqbal, Muhammad Imran and Shafie, Amir Akramin and Salami, Momoh Jimoh Emiyoka and Nilsson, Mikael},
  title     = {Vascular intersection detection in retina fundus images using a new hybrid approach},
  journal   = {Computers in Biology and Medicine},
  year      = {2010},
  volume    = {40},
  number    = {1},
  pages     = {81--89},
  publisher = {Elsevier},
}

@Article{al2008improved,
  author    = {Al-Kofahi, Yousef and Dowell-Mesfin, Natalie and Pace, Christopher and Shain, William and Turner, James N and Roysam, Badrinath},
  title     = {Improved detection of branching points in algorithms for automated neuron tracing from 3D confocal images},
  journal   = {Cytometry Part A},
  year      = {2008},
  volume    = {73},
  number    = {1},
  pages     = {36--43},
  publisher = {Wiley Online Library},
}

@Article{aoki2011theoretical,
  author    = {Aoki, Edson Hiroshi and Bagchi, Arunabha and Mandal, PK and Boers, Yvo},
  title     = {A theoretical analysis of Bayes-optimal multi-target tracking and labelling},
  year      = {2011},
  publisher = {Department of Applied Mathematics, University of Twente},
}

@InProceedings{azzopardi2011detection,
  author       = {Azzopardi, George and Petkov, Nicolai},
  title        = {Detection of retinal vascular bifurcations by trainable V4-like filters},
  booktitle    = {Computer Analysis of Images and Patterns},
  year         = {2011},
  pages        = {451--459},
  organization = {Springer},
}

@inproceedings{baboiu2012vascular,
	Author = {Baboiu, D and Hamarneh, Ghassan},
	Booktitle = {Mathematical Methods in Biomedical Image Analysis (MMBIA), 2012 IEEE Workshop on},
	Organization = {IEEE},
	Pages = {41--46},
	Title = {Vascular bifurcation detection in scale-space},
	Year = {2012}}

@article{ballard1981generalizing,
	Author = {Ballard, Dana H},
	Journal = {Pattern recognition},
	Number = {2},
	Pages = {111--122},
	Publisher = {Elsevier},
	Title = {Generalizing the Hough transform to detect arbitrary shapes},
	Volume = {13},
	Year = {1981}}

@InProceedings{barrett2001houghing,
  author       = {Barrett, William A and Petersen, Kevin D},
  title        = {Houghing the hough: Peak collection for detection of corners, junctions and line intersections},
  booktitle    = {Computer Vision and Pattern Recognition, 2001. CVPR 2001. Proceedings of the 2001 IEEE Computer Society Conference on},
  year         = {2001},
  volume       = {2},
  pages        = {II--302},
  organization = {IEEE},
}

@Article{bas2011principal,
  author    = {Bas, Erhan and Erdogmus, Deniz},
  title     = {Principal Curves as Skeletons of Tubular Objects},
  journal   = {Neuroinformatics},
  year      = {2011},
  volume    = {9},
  number    = {2-3},
  pages     = {181--191},
  publisher = {Springer},
}

@inproceedings{bas2011ridge,
	Author = {Bas, Erhan and Erdogmus, Deniz},
	Booktitle = {Biomedical Imaging: From Nano to Macro, 2011 IEEE International Symposium on},
	Organization = {IEEE},
	Pages = {1341--1344},
	Title = {A ridge scorewith application to piecewise linear neural reconstruction},
	Year = {2011}}

@InProceedings{basu2011path2path,
  author       = {Basu, Saurav and Condron, Barry and Acton, Scott T},
  title        = {Path2Path: hierarchical Path-Based analysis for neuron matching},
  booktitle    = {Biomedical Imaging: From Nano to Macro, 2011 IEEE International Symposium on},
  year         = {2011},
  pages        = {996--999},
  organization = {IEEE},
}

@Article{bauernovel,
  author = {Bauer, Christian and Bischof, Horst},
  title  = {A Novel Approach for Detection of Tubular Objects and Its Application to Medical Image Analysis},
}

@incollection{behrens2001segmentation,
	Author = {Behrens, Thorsten and Rohr, Karl and Stiehl, H Siegfried},
	Booktitle = {Pattern Recognition},
	Pages = {406--413},
	Publisher = {Springer},
	Title = {Segmentation of tubular structures in 3d images using a combination of the hough transform and a kalman filter},
	Year = {2001}}

@article{berens2009circstat,
	Author = {Berens, Philipp},
	Journal = {Journal of Statistical Software},
	Number = {10},
	Pages = {1--21},
	Publisher = {American Statistical Association},
	Title = {CircStat: a MATLAB toolbox for circular statistics},
	Volume = {31},
	Year = {2009}}

@InProceedings{bevilacqua2005combined,
  author    = {Bevilacqua, V and Camb{\`o}, S and Cariello, L and Mastronardi, G},
  title     = {A combined method to detect retinal fundus features},
  booktitle = {Proceedings of IEEE European Conference on Emergent Aspects in Clinical Data Analysis},
  year      = {2005},
}

@inproceedings{beymer1991finding,
	Author = {Beymer, David J},
	Booktitle = {Computer Vision and Pattern Recognition, 1991. Proceedings CVPR'91., IEEE Computer Society Conference on},
	Organization = {IEEE},
	Pages = {720--721},
	Title = {Finding junctions using the image gradient},
	Year = {1991}}

@InProceedings{bhuiyan2007automatic,
  author       = {Bhuiyan, Alauddin and Nath, Baikunth and Chua, Joselito and Ramamohanarao, Kotagiri},
  title        = {Automatic detection of vascular bifurcations and crossovers from color retinal fundus images},
  booktitle    = {Signal-Image Technologies and Internet-Based System, 2007. SITIS'07. Third International IEEE Conference on},
  year         = {2007},
  pages        = {711--718},
  organization = {IEEE},
}

@Article{bonneau2005single,
  author    = {Bonneau, St{\'e}phane and Dahan, Maxime and Cohen, Laurent D},
  title     = {Single quantum dot tracking based on perceptual grouping using minimal paths in a spatiotemporal volume},
  journal   = {Image Processing, IEEE Transactions on},
  year      = {2005},
  volume    = {14},
  number    = {9},
  pages     = {1384--1395},
  publisher = {IEEE},
}

@article{calvo2011automatic,
	Author = {Calvo, David and Ortega, Marcos and Penedo, Manuel G and Rouco, Jose},
	Journal = {Computer methods and programs in biomedicine},
	Number = {1},
	Pages = {28--38},
	Publisher = {Elsevier},
	Title = {Automatic detection and characterisation of retinal vessel tree bifurcations and crossovers in eye fundus images},
	Volume = {103},
	Year = {2011}}

@Article{can1999rapid,
  author    = {Can, Ali and Shen, Hong and Turner, James N and Tanenbaum, Howard L and Roysam, Badrinath},
  title     = {Rapid automated tracing and feature extraction from retinal fundus images using direct exploratory algorithms},
  journal   = {Information Technology in Biomedicine, IEEE Transactions on},
  year      = {1999},
  volume    = {3},
  number    = {2},
  pages     = {125--138},
  publisher = {IEEE},
}

@article{candy2007bootstrap,
	Author = {Candy, James V},
	Journal = {Signal Processing Magazine, IEEE},
	Number = {4},
	Pages = {73--85},
	Publisher = {IEEE},
	Title = {Bootstrap particle filtering},
	Volume = {24},
	Year = {2007}}

@Article{cazorla2002junction,
  author    = {Cazorla, Miguel and Escolano, Francisco and Gallardo, Domingo and Rizo, Ram{\'o}n},
  title     = {Junction detection and grouping with probabilistic edge models and Bayesian A∗},
  journal   = {Pattern Recognition},
  year      = {2002},
  volume    = {35},
  number    = {9},
  pages     = {1869--1881},
  publisher = {Elsevier},
}

@InProceedings{cetingiil2008nonlinear,
  author       = {Cetingiil, HE and Vidal, Ren{\'e} and Plank, Gernot and Trayanova, Natalia},
  title        = {Nonlinear filtering for extracting orientation and tracing tubular structures in 2-D medical images},
  booktitle    = {Biomedical Imaging: From Nano to Macro, 2008. ISBI 2008. 5th IEEE International Symposium on},
  year         = {2008},
  pages        = {260--263},
  organization = {IEEE},
}

@article{chan1998adaptive,
	Author = {Chan, Francis HY and Lam, Francis K and Zhu, Hui},
	Journal = {Image Processing, IEEE Transactions on},
	Number = {3},
	Pages = {468--473},
	Publisher = {IEEE},
	Title = {Adaptive thresholding by variational method},
	Volume = {7},
	Year = {1998}}

@Article{cheng1995mean,
  author    = {Cheng, Yizong},
  title     = {Mean shift, mode seeking, and clustering},
  journal   = {Pattern Analysis and Machine Intelligence, IEEE Transactions on},
  year      = {1995},
  volume    = {17},
  number    = {8},
  pages     = {790--799},
  publisher = {IEEE},
}

@Article{choromanska2012automatic,
  author    = {Choromanska, Anna and Chang, Shih-Fu and Yuste, Rafael},
  title     = {Automatic reconstruction of neural morphologies with multi-scale tracking},
  journal   = {Frontiers in neural circuits},
  year      = {2012},
  volume    = {6},
  publisher = {Frontiers Media SA},
}

@article{criminisi2013regression,
	Author = {Criminisi, A and Robertson, D and Konukoglu, E and Shotton, J and Pathak, S and White, S and Siddiqui, K},
	Journal = {Medical image analysis},
	Number = {8},
	Pages = {1293--1303},
	Publisher = {Elsevier},
	Title = {Regression forests for efficient anatomy detection and localization in computed tomography scans},
	Volume = {17},
	Year = {2013}}

@Article{deschenes2000detection,
  author    = {Desch{\^e}nes, Fran{\c{c}}ois and Ziou, Djemel},
  title     = {Detection of line junctions and line terminations using curvilinear features},
  journal   = {Pattern Recognition Letters},
  year      = {2000},
  volume    = {21},
  number    = {6},
  pages     = {637--649},
  publisher = {Elsevier},
}

@Article{elias2012judoca,
  author    = {Elias, Rimon and Laganiere, Robert},
  title     = {JUDOCA: Junction detection operator based on circumferential anchors},
  journal   = {Image Processing, IEEE Transactions on},
  year      = {2012},
  volume    = {21},
  number    = {4},
  pages     = {2109--2118},
  publisher = {IEEE},
}

@inproceedings{faas2007junction,
	Author = {Faas, Frank GA and Van Vliet, Lucas J},
	Booktitle = {Computer Analysis of Images and Patterns},
	Organization = {Springer},
	Pages = {718--725},
	Title = {Junction detection and multi-orientation analysis using streamlines},
	Year = {2007}}

@inproceedings{fanelli2011real,
	Author = {Fanelli, Gabriele and Gall, Juergen and Van Gool, Luc},
	Booktitle = {Computer Vision and Pattern Recognition (CVPR), 2011 IEEE Conference on},
	Organization = {IEEE},
	Pages = {617--624},
	Title = {Real time head pose estimation with random regression forests},
	Year = {2011}}

@article{flannery1992numerical,
	Author = {Flannery, Brian P and Press, William H and Teukolsky, Saul A and Vetterling, William},
	Journal = {Press Syndicate of the University of Cambridge, New York},
	Title = {Numerical recipes in C},
	Year = {1992}}

@incollection{fridman2003segmenting,
	Author = {Fridman, Yonatan and Pizer, Stephen M and Aylward, Stephen and Bullitt, Elizabeth},
	Booktitle = {Medical Image Computing and Computer-Assisted Intervention-MICCAI 2003},
	Pages = {570--577},
	Publisher = {Springer},
	Title = {Segmenting 3D branching tubular structures using cores},
	Year = {2003}}

@Article{gang2002detection,
  author    = {Gang, Luo and Chutatape, Opas and Krishnan, Shankar M},
  title     = {Detection and measurement of retinal vessels in fundus images using amplitude modified second-order Gaussian filter},
  journal   = {Biomedical Engineering, IEEE Transactions on},
  year      = {2002},
  volume    = {49},
  number    = {2},
  pages     = {168--172},
  publisher = {IEEE},
}

@article{gorricha2012improvements,
	Author = {Gorricha, Jorge and Lobo, Victor},
	Journal = {Computers \& Geosciences},
	Pages = {177--186},
	Publisher = {Elsevier},
	Title = {Improvements on the visualization of clusters in geo-referenced data using Self-Organizing Maps},
	Volume = {43},
	Year = {2012}}

@article{hagenbuchner2005supervised,
	Author = {Hagenbuchner, Markus and Tsoi, Ah Chung},
	Journal = {Pattern Recognition Letters},
	Number = {12},
	Pages = {1874--1884},
	Publisher = {Elsevier},
	Title = {A supervised training algorithm for self-organizing maps for structures},
	Volume = {26},
	Year = {2005}}

@InProceedings{hansen2002biologically,
  author       = {Hansen, Thorsten and Neumann, Heiko},
  title        = {A biologically motivated scheme for robust junction detection},
  booktitle    = {Biologically motivated computer vision},
  year         = {2002},
  pages        = {16--26},
  organization = {Springer},
}

@Article{hoover2000locating,
  author    = {Hoover, Adam and Kouznetsova, Valentina and Goldbaum, Michael},
  title     = {Locating blood vessels in retinal images by piecewise threshold probing of a matched filter response},
  journal   = {Medical Imaging, IEEE Transactions on},
  year      = {2000},
  volume    = {19},
  number    = {3},
  pages     = {203--210},
  publisher = {IEEE},
}

@Article{hoseinnezhad2012visual,
  author    = {Hoseinnezhad, Reza and Vo, Ba-Ngu and Vo, Ba-Tuong and Suter, David},
  title     = {Visual tracking of numerous targets via multi-Bernoulli filtering of image data},
  journal   = {Pattern Recognition},
  year      = {2012},
  volume    = {45},
  number    = {10},
  pages     = {3625--3635},
  publisher = {Elsevier},
}

@InProceedings{iqbal2008detection,
  author       = {Iqbal, Muhammad Imran and Aibinu, Abiodun Musa and Nilsson, Mikael and Tijani, IB and Salami, Momoh Jimoh Emiyoka},
  title        = {Detection of vascular intersection in retina fundus image using modified cross point number and neural network technique},
  booktitle    = {Computer and Communication Engineering, 2008. ICCCE 2008. International Conference on},
  year         = {2008},
  pages        = {241--246},
  organization = {IEEE},
}

@article{jacobson2013robust,
	Author = {Jacobson, Alec and Kavan, Ladislav and Sorkine-Hornung, Olga},
	Journal = {ACM Trans. Graph},
	Pages = {4},
	Title = {Robust inside-outside segmentation using generalized winding numbers},
	Volume = {32},
	Year = {2013}}

@Article{jiang2007detection,
  author    = {Jiang, Shan and Zhou, Xiaobo and Kirchhausen, Tom and Wong, Stephen TC},
  title     = {Detection of molecular particles in live cells via machine learning},
  journal   = {Cytometry Part A},
  year      = {2007},
  volume    = {71},
  number    = {8},
  pages     = {563--575},
  publisher = {Wiley Online Library},
}

@Article{jiang2007tracking,
  author    = {Jiang, Shan and Zhou, Xiaobo and Kirchhausen, Tom and Wong, Stephen TC},
  title     = {Tracking molecular particles in live cells using fuzzy rule-based system},
  journal   = {Cytometry Part A},
  year      = {2007},
  volume    = {71},
  number    = {8},
  pages     = {576--584},
  publisher = {Wiley Online Library},
}

@incollection{kothe2003edge,
	Author = {K{\"o}the, Ullrich},
	Booktitle = {Pattern Recognition},
	Pages = {25--32},
	Publisher = {Springer},
	Title = {Edge and junction detection with an improved structure tensor},
	Year = {2003}}

@Article{kalitzin2001computational,
  author    = {Kalitzin, Stiliyan N and Staal, Joes and ter Haar Romeny, Bart M and Viergever, Max A.},
  title     = {A computational method for segmenting topological point-sets and application to image analysis},
  journal   = {Pattern Analysis and Machine Intelligence, IEEE Transactions on},
  year      = {2001},
  volume    = {23},
  number    = {5},
  pages     = {447--459},
  publisher = {IEEE},
}

@inproceedings{kirbas2003vessel,
	Author = {Kirbas, Cemil and Quek, Francis KH},
	Booktitle = {Bioinformatics and Bioengineering, 2003. Proceedings. Third IEEE Symposium on},
	Organization = {IEEE},
	Pages = {238--245},
	Title = {Vessel extraction techniques and algorithms: a survey},
	Year = {2003}}

@article{kohonen2012essentials,
	Author = {Kohonen, Teuvo},
	Journal = {Neural Networks},
	Publisher = {Elsevier},
	Title = {Essentials of the self-organizing map},
	Year = {2012}}

@article{kohonen1990self,
	Author = {Kohonen, Teuvo},
	Journal = {Proceedings of the IEEE},
	Number = {9},
	Pages = {1464--1480},
	Publisher = {IEEE},
	Title = {The self-organizing map},
	Volume = {78},
	Year = {1990}}

@article{kohonen2002make,
	Author = {Kohonen, Teuvo and Somervuo, Panu},
	Journal = {Neural networks},
	Number = {8},
	Pages = {945--952},
	Publisher = {Elsevier},
	Title = {How to make large self-organizing maps for nonvectorial data},
	Volume = {15},
	Year = {2002}}

@InProceedings{laganiere2004detection,
  author    = {Laganiere, Robert and Elias, Rimon},
  title     = {The detection of junction features in images.},
  booktitle = {ICASSP (3)},
  year      = {2004},
  pages     = {573--576},
}

@incollection{law2008three,
	Author = {Law, Max WK and Chung, Albert CS},
	Booktitle = {Computer Vision--ECCV 2008},
	Pages = {368--382},
	Publisher = {Springer},
	Title = {Three dimensional curvilinear structure detection using optimally oriented flux},
	Year = {2008}}

@inproceedings{lee2008semi,
	Author = {Lee, Ping Chang and Ching, Yu Tai and Chang, HM and Chiang, A-S},
	Booktitle = {Biomedical Imaging: From Nano to Macro, 2008. ISBI 2008. 5th IEEE International Symposium on},
	Organization = {IEEE},
	Pages = {959--962},
	Title = {A semi-automatic method for neuron centerline extraction in confocal microscopic image stack},
	Year = {2008}}

@article{lee2012high,
	Author = {Lee, Ping-Chang and Chuang, Chao-Chun and Chiang, Ann-Shyn and Ching, Yu-Tai},
	Journal = {PLoS Computational Biology},
	Number = {9},
	Pages = {e1002658},
	Publisher = {Public Library of Science},
	Title = {High-throughput Computer Method for 3D Neuronal Structure Reconstruction from the Image Stack of the Drosophila Brain and Its Applications},
	Volume = {8},
	Year = {2012}}

@article{lee1997scattered,
	Author = {Lee, Seungyong and Wolberg, George and Shin, Sung Yong},
	Journal = {Visualization and Computer Graphics, IEEE Transactions on},
	Number = {3},
	Pages = {228--244},
	Publisher = {IEEE},
	Title = {Scattered data interpolation with multilevel B-splines},
	Volume = {3},
	Year = {1997}}

@InProceedings{lewis1995fast,
  author    = {Lewis, JP},
  title     = {Fast normalized cross-correlation},
  booktitle = {Vision interface},
  year      = {1995},
  volume    = {10},
  number    = {1},
  pages     = {120--123},
}

@article{li2007vessels,
	Author = {Li, Hua and Yezzi, Anthony},
	Journal = {Medical Imaging, IEEE Transactions on},
	Number = {9},
	Pages = {1213--1223},
	Publisher = {IEEE},
	Title = {Vessels as 4-D curves: Global minimal 4-D paths to extract 3-D tubular surfaces and centerlines},
	Volume = {26},
	Year = {2007}}

@inproceedings{li2008storm,
	Author = {Li, Xiang and Ramachandran, Rahul and Movva, Sunil and Graves, Sara and Plale, Beth and Vijayakumar, Nithya},
	Booktitle = {24th Conference on IIPS},
	Title = {Storm clustering for data-driven weather forecasting},
	Year = {2008}}

@article{liaw2002classification,
	Author = {Liaw, Andy and Wiener, Matthew},
	Journal = {R news},
	Number = {3},
	Pages = {18--22},
	Title = {Classification and Regression by randomForest},
	Volume = {2},
	Year = {2002}}

@Article{longair2011simple,
  author    = {Longair, Mark H and Baker, Dean A and Armstrong, J Douglas},
  title     = {Simple Neurite Tracer: open source software for reconstruction, visualization and analysis of neuronal processes},
  journal   = {Bioinformatics},
  year      = {2011},
  volume    = {27},
  number    = {17},
  pages     = {2453--2454},
  publisher = {Oxford Univ Press},
}

@Article{mavska2014benchmark,
  author    = {Ma{\v{s}}ka, Martin and Ulman, Vladim{\'\i}r and Svoboda, David and Matula, Pavel and Matula, Petr and Ederra, Cristina and Urbiola, Ainhoa and Espa{\~n}a, Tom{\'a}s and Venkatesan, Subramanian and Balak, Deepak MW and others},
  title     = {A benchmark for comparison of cell tracking algorithms},
  journal   = {Bioinformatics},
  year      = {2014},
  volume    = {30},
  number    = {11},
  pages     = {1609--1617},
  publisher = {Oxford Univ Press},
}

@InProceedings{maire2008using,
  author       = {Maire, Michael and Arbel{\'a}ez, Pablo and Fowlkes, Charless and Malik, Jitendra},
  title        = {Using contours to detect and localize junctions in natural images},
  booktitle    = {Computer Vision and Pattern Recognition, 2008. CVPR 2008. IEEE Conference on},
  year         = {2008},
  pages        = {1--8},
  organization = {IEEE},
}

@article{mansour1998kurtosis,
	Author = {Mansour, Ali and Jutten, Christian and Ohnishi, Noboru},
	Journal = {signal},
	Pages = {7},
	Title = {Kurtosis: Definition and Properties.},
	Volume = {1},
	Year = {1998}}

@InProceedings{marana2005ridge,
  author       = {Marana, Aparecido Nilceu and Jain, Anil K},
  title        = {Ridge-based fingerprint matching using hough transform},
  booktitle    = {Computer Graphics and Image Processing, 2005. SIBGRAPI 2005. 18th Brazilian Symposium on},
  year         = {2005},
  pages        = {112--119},
  organization = {IEEE},
}

@article{meijering2012cell,
	Author = {Meijering, Erik},
	Journal = {Signal Processing Magazine, IEEE},
	Number = {5},
	Pages = {140--145},
	Publisher = {IEEE},
	Title = {Cell segmentation: 50 years down the road [life sciences]},
	Volume = {29},
	Year = {2012}}

@Article{meijering2004design,
  author    = {Meijering, E and Jacob, M and Sarria, J-CF and Steiner, Pl and Hirling, H and Unser, M},
  title     = {Design and validation of a tool for neurite tracing and analysis in fluorescence microscopy images},
  journal   = {Cytometry Part A},
  year      = {2004},
  volume    = {58},
  number    = {2},
  pages     = {167--176},
  publisher = {Wiley Online Library},
}

@Article{mendel1995fuzzy,
  author    = {Mendel, Jerry M},
  title     = {Fuzzy logic systems for engineering: a tutorial},
  journal   = {Proceedings of the IEEE},
  year      = {1995},
  volume    = {83},
  number    = {3},
  pages     = {345--377},
  publisher = {IEEE},
}

@incollection{michaelis1994junction,
	Author = {Michaelis, Markus and Sommer, Gerald},
	Booktitle = {Computer Vision---ECCV'94},
	Pages = {101--108},
	Publisher = {Springer},
	Title = {Junction classification by multiple orientation detection},
	Year = {1994}}

@article{milstein1998image,
	Author = {Milstein, Nir},
	Journal = {Technion--Israel Institute of Technology, The Faculty for Computer Sciences},
	Pages = {1--38},
	Title = {Image Segmentation by Adaptive Thresholding},
	Year = {1998}}

@inproceedings{ming2013winding,
	Author = {Ming, Yansheng and Li, Hongdong and He, Xuming},
	Booktitle = {Computer Vision and Pattern Recognition (CVPR), 2013 IEEE Conference on},
	Organization = {IEEE},
	Pages = {2818--2825},
	Title = {Winding Number for Region-Boundary Consistent Salient Contour Extraction},
	Year = {2013}}

@inproceedings{mohan2009vessel,
	Author = {Mohan, Vandana and Sundaramoorthi, Ganesh and Stillman, Arthur and Tannenbaum, Allen and others},
	Booktitle = {CI2BM09-MICCAI Workshop on Cardiovascular Interventional Imaging and Biophysical Modelling},
	Title = {Vessel segmentation with automatic centerline extraction using tubular tree segmentation},
	Year = {2009}}

@inproceedings{mukherjee2013tree2tree2,
	Author = {Mukherjee, Suvadip and Basu, Saurav and Condron, Barry and Acton, Scott T},
	Booktitle = {Biomedical Imaging (ISBI), 2013 IEEE 10th International Symposium on},
	Organization = {IEEE},
	Pages = {448--451},
	Title = {Tree2Tree2: Neuron tracing in 3D},
	Year = {2013}}

@inproceedings{myatt2006towards,
	Author = {Myatt, DR and Nasuto, SJ and Maybank, SJ},
	Booktitle = {Nonlinear Statistical Signal Processing Workshop, 2006 IEEE},
	Organization = {IEEE},
	Pages = {193--196},
	Title = {Towards the automatic reconstruction of dendritic trees using particle filters},
	Year = {2006}}

@article{nelder1965simplex,
	Author = {Nelder, John A and Mead, Roger},
	Journal = {The computer journal},
	Number = {4},
	Pages = {308--313},
	Publisher = {Br Computer Soc},
	Title = {A simplex method for function minimization},
	Volume = {7},
	Year = {1965}}

@article{obara2012contrast,
	Author = {Obara, Boguslaw and Fricker, Mark and Gavaghan, David and Grau, Vicente},
	Journal = {Image Processing, IEEE Transactions on},
	Number = {5},
	Pages = {2572--2581},
	Publisher = {IEEE},
	Title = {Contrast-independent curvilinear structure detection in biomedical images},
	Volume = {21},
	Year = {2012}}

@Article{obara2011segmentation,
  author    = {Obara, Boguslaw and Veeman, Michael and Choi, Jae Hyeok and Smith, William and Manjunath, BS},
  title     = {Segmentation of ascidian notochord cells in DIC timelapse images},
  journal   = {Microscopy research and technique},
  year      = {2011},
  volume    = {74},
  number    = {8},
  pages     = {727--734},
  publisher = {Wiley Online Library},
}

@InProceedings{obaraa2012contrast,
  author       = {Obara, Boguslaw and Frickerc, Mark and Graua, Vicente},
  title        = {Contrast independent detection of branching points in network-like structures},
  booktitle    = {SPIE Medical Imaging},
  year         = {2012},
  pages        = {83141L--83141L},
  organization = {International Society for Optics and Photonics},
}

@article{ortega2009personal,
	Author = {Ortega, Marcos and Penedo, Manuel G and Rouco, Jos{\'e} and Barreira, Noelia and Carreira, Mar{\'\i}a J},
	Journal = {Journal of Visual Languages \& Computing},
	Number = {2},
	Pages = {80--90},
	Publisher = {Elsevier},
	Title = {Personal verification based on extraction and characterisation of retinal feature points},
	Volume = {20},
	Year = {2009}}

@inproceedings{puspoki2013detection,
	Author = {P{\"u}sp{\"o}ki, Zsuzsanna and Vonesch, C{\'e}dric and Unser, Michael},
	Booktitle = {Proceedings of the Tenth IEEE International Symposium on Biomedical Imaging: From Nano to Macro (ISBI'13)},
	Title = {Detection of symmetric junctions in biological images using 2-D steerable wavelet transforms},
	Year = {2013}}

@Article{parida1998junctions,
  author    = {Parida, Laxmi and Geiger, Davi and Hummel, Robert},
  title     = {Junctions: Detection, classification, and reconstruction},
  journal   = {Pattern Analysis and Machine Intelligence, IEEE Transactions on},
  year      = {1998},
  volume    = {20},
  number    = {7},
  pages     = {687--698},
  publisher = {IEEE},
}

@article{ponsmetric,
	Author = {Pons-Moll12, Gerard and Taylor13, Jonathan and Shotton, Jamie and Hertzmann14, Aaron and Fitzgibbon, Andrew},
	Title = {Metric Regression Forests for Human Pose Estimation}}

@article{preibisch2009globally,
	Author = {Preibisch, Stephan and Saalfeld, Stephan and Tomancak, Pavel},
	Journal = {Bioinformatics},
	Number = {11},
	Pages = {1463--1465},
	Publisher = {Oxford Univ Press},
	Title = {Globally optimal stitching of tiled 3D microscopic image acquisitions},
	Volume = {25},
	Year = {2009}}

@article{pyckerange,
	Author = {Pycke, Jean-Renaud},
	Title = {On the range of linear and circular kurtosis}}

@InProceedings{radojevic2014fuzzy,
  author       = {Radojevi{\'c}, M. and Smal, I and Niessen, W. and Meijering, E.},
  title        = {Fuzzy logic based detection of neuron bifurcations in microscopy images},
  booktitle    = {Biomedical Imaging (ISBI), 2014 IEEE 11th International Symposium on},
  year         = {2014},
  pages        = {1307-1310},
  month        = {April},
  organization = {IEEE},
}

@book{richards1997backtracking,
	Author = {Richards, Martin},
	Publisher = {Citeseer},
	Title = {Backtracking algorithms in MCPL using bit patterns and recursion},
	Year = {1997}}

@Article{ristic2011metric,
  author    = {Ristic, Branko and Vo, Ba-Ngu and Clark, Daniel and Vo, Ba-Tuong},
  title     = {A metric for performance evaluation of multi-target tracking algorithms},
  journal   = {Signal Processing, IEEE Transactions on},
  year      = {2011},
  volume    = {59},
  number    = {7},
  pages     = {3452--3457},
  publisher = {IEEE},
}

@article{rodriguez2009three,
	Author = {Rodriguez, Alfredo and Ehlenberger, Douglas B and Hof, Patrick R and Wearne, Susan L},
	Journal = {Journal of neuroscience methods},
	Number = {1},
	Pages = {169--175},
	Publisher = {Elsevier},
	Title = {Three-dimensional neuron tracing by voxel scooping},
	Volume = {184},
	Year = {2009}}

@Article{rohr1992modelling,
  author    = {Rohr, Karl},
  title     = {Modelling and identification of characteristic intensity variations},
  journal   = {Image and Vision Computing},
  year      = {1992},
  volume    = {10},
  number    = {2},
  pages     = {66--76},
  publisher = {Elsevier},
}

@Article{rouchdy2013geodesic,
  author    = {Rouchdy, Youssef and Cohen, Laurent D},
  title     = {Geodesic voting for the automatic extraction of tree structures. Methods and applications},
  journal   = {Computer Vision and Image Understanding},
  year      = {2013},
  publisher = {Elsevier},
}

@book{russell1995artificial,
	Author = {Russell, Stuart Jonathan and Norvig, Peter and Canny, John F and Malik, Jitendra M and Edwards, Douglas D},
	Publisher = {Prentice hall Englewood Cliffs},
	Title = {Artificial intelligence: a modern approach},
	Volume = {74},
	Year = {1995}}

@article{saha2009image,
	Author = {Saha, Baidya Nath and Ray, Nilanjan},
	Journal = {Pattern Recognition},
	Number = {5},
	Pages = {843--856},
	Publisher = {Elsevier},
	Title = {Image thresholding by variational minimax optimization},
	Volume = {42},
	Year = {2009}}

@article{sanjeev2002tutorial,
	Author = {Sanjeev Arulampalam, M and Maskell, Simon and Gordon, Neil and Clapp, Tim},
	Journal = {Signal Processing, IEEE Transactions on},
	Number = {2},
	Pages = {174--188},
	Publisher = {IEEE},
	Title = {A tutorial on particle filters for online nonlinear/non-Gaussian Bayesian tracking},
	Volume = {50},
	Year = {2002}}

@article{sankur2001image,
	Author = {Sankur, Bulent and Sezgin, Mehmet},
	Journal = {Pattern Recognition},
	Number = {2},
	Pages = {1573--1607},
	Title = {Image thresholding techniques: A survey over categories},
	Volume = {34},
	Year = {2001}}

@inproceedings{schaap2007bayesianipmi,
	Author = {Schaap, Michiel and Smal, Ihor and Metz, Coert and van Walsum, Theo and Niessen, Wiro},
	Booktitle = {Information Processing in Medical Imaging},
	Organization = {Springer},
	Pages = {74--85},
	Title = {Bayesian tracking of elongated structures in 3D images},
	Year = {2007}}

@article{schmitz2011automated,
	Author = {Schmitz, Sabine K and Hjorth, JJ and Joemai, Raoul and Wijntjes, Rick and Eijgenraam, Susanne and de Bruijn, Petra and Georgiou, Christina and de Jong, Arthur PH and van Ooyen, Arjen and Verhage, Matthijs and others},
	Journal = {Journal of neuroscience methods},
	Number = {2},
	Pages = {185--193},
	Publisher = {Elsevier},
	Title = {Automated analysis of neuronal morphology, synapse number and synaptic recruitment},
	Volume = {195},
	Year = {2011}}

@Article{schuhmacher2008consistent,
  author    = {Schuhmacher, Dominic and Vo, Ba-Tuong and Vo, Ba-Ngu},
  title     = {A consistent metric for performance evaluation of multi-object filters},
  journal   = {Signal Processing, IEEE Transactions on},
  year      = {2008},
  volume    = {56},
  number    = {8},
  pages     = {3447--3457},
  publisher = {IEEE},
}

@article{shen2002corner,
	Author = {Shen, Fei and Wang, Han},
	Journal = {Pattern Recognition Letters},
	Number = {8},
	Pages = {1039--1049},
	Publisher = {Elsevier},
	Title = {Corner detection based on modified Hough transform},
	Volume = {23},
	Year = {2002}}

@Article{sinzinger2008model,
  author    = {Sinzinger, Eric D},
  title     = {A model-based approach to junction detection using radial energy},
  journal   = {Pattern Recognition},
  year      = {2008},
  volume    = {41},
  number    = {2},
  pages     = {494--505},
  publisher = {Elsevier},
}

@Article{sluzek1framework,
  author  = {Sluzek, Andrzej and Al-Hamdi, Ali and Akram, Muhammad and Hasan, Ahmed Monjurul and Araar, Abdelaziz and Khali, Hakim and Said, Mohamed Faidz Mohamed and Yahya, Saadiah and Taib, Mohd Nasir and Shanmugapriya, K and others},
  title   = {A framework for junction detection using local Hough transforms},
  journal = {A A},
  volume  = {1},
  pages   = {0},
}

@article{srinivasan2007automated,
	Author = {Srinivasan, Ranga and Zhou, Xiaobo and Miller, Eric and Lu, Ju and Litchman, Jeff and Wong, Stephen TC},
	Journal = {Neuroinformatics},
	Number = {3},
	Pages = {189--203},
	Publisher = {Springer},
	Title = {Automated axon tracking of 3D confocal laser scanning microscopy images using guided probabilistic region merging},
	Volume = {5},
	Year = {2007}}

@article{staal2004ridge,
	Author = {Staal, Joes and Abr{\`a}moff, Michael D and Niemeijer, Meindert and Viergever, Max A and van Ginneken, Bram},
	Journal = {Medical Imaging, IEEE Transactions on},
	Number = {4},
	Pages = {501--509},
	Publisher = {IEEE},
	Title = {Ridge-based vessel segmentation in color images of the retina},
	Volume = {23},
	Year = {2004}}

@Article{steger1998unbiased,
  author    = {Steger, Carsten},
  title     = {An unbiased detector of curvilinear structures},
  journal   = {Pattern Analysis and Machine Intelligence, IEEE Transactions on},
  year      = {1998},
  volume    = {20},
  number    = {2},
  pages     = {113--125},
  publisher = {IEEE},
}

@InProceedings{steger1996extraction,
  author       = {Steger, Carsten},
  title        = {Extraction of curved lines from images},
  booktitle    = {Pattern Recognition, 1996., Proceedings of the 13th International Conference on},
  year         = {1996},
  volume       = {2},
  pages        = {251--255},
  organization = {IEEE},
}

@Article{steger1996unbiased,
  author = {Steger, Carsten},
  title  = {An Unbiased Detector of Curvilinear Structures},
  year   = {1996},
}

@Article{steiner2002overexpression,
  author    = {Steiner, P and Sarria, J-CF and Huni, B and Marsault, R and Catsicas, S and Hirling, H},
  title     = {Overexpression of neuronal Sec1 enhances axonal branching in hippocampal neurons},
  journal   = {Neuroscience},
  year      = {2002},
  volume    = {113},
  number    = {4},
  pages     = {893--905},
  publisher = {Elsevier},
}

@Article{su2012junction,
  author    = {Su, Ran and Sun, Changming and Pham, Tuan D},
  title     = {Junction detection for linear structures based on Hessian, correlation and shape information},
  journal   = {Pattern Recognition},
  year      = {2012},
  volume    = {45},
  number    = {10},
  pages     = {3695--3706},
  publisher = {Elsevier},
}

@Article{sujunction,
  author = {Su, Ran and Sun, Changming and Pham, Tuan D and Zhou, Xiaobo and Tanaka, Hiroshi and Oyama-Higa, Mayumi and Jiang, Xiaoyi and Kowalski, Jeanne and Jia, Xiuping},
  title  = {Junction Detection for Tubular Structures},
}

@Article{su2014new,
  author    = {Su, Ran and Sun, Changming and Zhang, Chao and Pham, Tuan D},
  title     = {A new method for linear feature and junction enhancement in 2D images based on morphological operation, Oriented anisotropic gaussian function and hessian information},
  journal   = {Pattern Recognition},
  year      = {2014},
  publisher = {Elsevier},
}

@InProceedings{tao2003vessel,
  author       = {Tao, Yuexiong and Gao, Qigang},
  title        = {Vessel junction detection from retinal images},
  booktitle    = {Proceedings of the 16th International Conference on Vision Interface, Halifax, Canada},
  year         = {2003},
  pages        = {388--394},
  organization = {Citeseer},
}

@article{thevenaz2007user,
	Author = {Th{\'e}venaz, Philippe and Unser, Michael},
	Journal = {Microscopy research and technique},
	Number = {2},
	Pages = {135--146},
	Publisher = {Wiley Online Library},
	Title = {User-friendly semiautomated assembly of accurate image mosaics in microscopy},
	Volume = {70},
	Year = {2007}}

@Article{thomann2002automatic,
  author    = {Thomann, D and Rines, DR and Sorger, PK and Danuser, G},
  title     = {Automatic fluorescent tag detection in 3D with super-resolution: application to the analysis of chromosome movement},
  journal   = {Journal of Microscopy},
  year      = {2002},
  volume    = {208},
  number    = {1},
  pages     = {49--64},
  publisher = {Wiley Online Library},
}

@Article{tsai2004model,
  author    = {Tsai, Chia-Ling and Stewart, Charles V and Tanenbaum, Howard L and Roysam, Badrinath},
  title     = {Model-based method for improving the accuracy and repeatability of estimating vascular bifurcations and crossovers from retinal fundus images},
  journal   = {Information Technology in Biomedicine, IEEE Transactions on},
  year      = {2004},
  volume    = {8},
  number    = {2},
  pages     = {122--130},
  publisher = {IEEE},
}

@article{vasilkoski2009detection,
	Author = {Vasilkoski, Zlatko and Stepanyants, Armen},
	Journal = {Journal of neuroscience methods},
	Number = {1},
	Pages = {197--204},
	Publisher = {Elsevier},
	Title = {Detection of the optimal neuron traces in confocal microscopy images},
	Volume = {178},
	Year = {2009}}

@article{veenman2003motion,
	Author = {Veenman, Cor J and Reinders, Marcel JT and Backer, Eric},
	Journal = {Pattern Recognition},
	Number = {9},
	Pages = {2049--2067},
	Publisher = {Elsevier},
	Title = {Motion tracking as a constrained optimization problem},
	Volume = {36},
	Year = {2003}}

@article{vincent1993morphological,
	Author = {Vincent, Luc},
	Journal = {Image Processing, IEEE Transactions on},
	Number = {2},
	Pages = {176--201},
	Publisher = {IEEE},
	Title = {Morphological grayscale reconstruction in image analysis: Applications and efficient algorithms},
	Volume = {2},
	Year = {1993}}

@article{viola2004robust,
	Author = {Viola, Paul and Jones, Michael J},
	Journal = {International journal of computer vision},
	Number = {2},
	Pages = {137--154},
	Publisher = {Springer},
	Title = {Robust real-time face detection},
	Volume = {57},
	Year = {2004}}

@inproceedings{wang2002detecting,
	Author = {Wang, Li and Bhalerao, Abhir},
	Booktitle = {Biomedical Imaging, 2002. Proceedings. 2002 IEEE International Symposium on},
	Organization = {IEEE},
	Pages = {161--164},
	Title = {Detecting branching structures using local gaussian models},
	Year = {2002}}

@Article{wang2012statistical,
  author    = {Wang, X and Heimann, T and Lo, P and Sumkauskaite, M and Puderbach, M and de Bruijne, Marleen and Meinzer, HP and Wegner, I},
  title     = {Statistical tracking of tree-like tubular structures with efficient branching detection in 3D medical image data},
  journal   = {Physics in Medicine and Biology},
  year      = {2012},
  volume    = {57},
  number    = {16},
  pages     = {5325},
  publisher = {IOP Publishing},
}

@inproceedings{wang2011robust,
	Author = {Wang, Xin and Heimann, Tobias and Meinzer, Hans-Peter and Wegner, Ingmar},
	Booktitle = {SPIE Medical Imaging},
	Organization = {International Society for Optics and Photonics},
	Pages = {796327--796327},
	Title = {Robust detection of bifurcations for vessel tree tracking},
	Year = {2011}}

@article{woollett2011acquiring,
	Author = {Woollett, Katherine and Maguire, Eleanor A},
	Journal = {Current biology},
	Number = {24},
	Pages = {2109--2114},
	Publisher = {Elsevier},
	Title = {Acquiring ?the knowledge? of London's layout drives structural brain changes},
	Volume = {21},
	Year = {2011}}

@Article{xie2011anisotropic,
  author    = {Xie, Jun and Zhao, Ting and Lee, Tzumin and Myers, Eugene and Peng, Hanchuan},
  title     = {Anisotropic path searching for automatic neuron reconstruction},
  journal   = {Medical image analysis},
  year      = {2011},
  volume    = {15},
  number    = {5},
  pages     = {680--689},
  publisher = {Elsevier},
}

@Article{xiong2009automatic,
  author  = {Xiong, G and Xing, L and Taylor, C},
  title   = {Automatic junction detection of tubular structures},
  journal = {The Insight Journal,$\{$http://hdl. handle. net/1926/1534$\}$},
  year    = {2009},
}

@Article{xiong2006automated,
  author    = {Xiong, Guanglei and Zhou, Xiaobo and Degterev, Alexei and Ji, Liang and Wong, Stephen TC},
  title     = {Automated neurite labeling and analysis in fluorescence microscopy images},
  journal   = {Cytometry Part A},
  year      = {2006},
  volume    = {69},
  number    = {6},
  pages     = {494--505},
  publisher = {Wiley Online Library},
}

@InProceedings{yu1998rotated,
  author       = {Yu, Weichuan and Daniilidia, K and Sommer, Gerald},
  title        = {Rotated wedge averaging method for junction characterization},
  booktitle    = {Computer Vision and Pattern Recognition, 1998. Proceedings. 1998 IEEE Computer Society Conference on},
  year         = {1998},
  pages        = {390--395},
  organization = {IEEE},
}

@Article{zadeh1986simple,
  author  = {Zadeh, Lotfi A},
  title   = {A simple view of the Dempster-Shafer theory of evidence and its implication for the rule of combination},
  journal = {AI magazine},
  year    = {1986},
  volume  = {7},
  number  = {2},
  pages   = {85},
}

@article{zadeh1965fuzzy,
	Author = {Zadeh, Lotfi A},
	Journal = {Information and control},
	Number = {3},
	Pages = {338--353},
	Publisher = {Elsevier},
	Title = {Fuzzy sets},
	Volume = {8},
	Year = {1965}}

@Article{zhang2007automated,
  author    = {Zhang, Yong and Zhou, Xiaobo and Degterev, Alexei and Lipinski, Marta and Adjeroh, Donald and Yuan, Junying and Wong, Stephen TC},
  title     = {Automated neurite extraction using dynamic programming for high-throughput screening of neuron-based assays},
  journal   = {NeuroImage},
  year      = {2007},
  volume    = {35},
  number    = {4},
  pages     = {1502--1515},
  publisher = {Elsevier},
}

@Article{zhang2007novel,
  author    = {Zhang, Yong and Zhou, Xiaobo and Degterev, Alexei and Lipinski, Marta and Adjeroh, Donald and Yuan, Junying and Wong, Stephen TC},
  title     = {A novel tracing algorithm for high throughput imaging: Screening of neuron-based assays},
  journal   = {Journal of neuroscience methods},
  year      = {2007},
  volume    = {160},
  number    = {1},
  pages     = {149--162},
  publisher = {Elsevier},
}

@Article{zhang20083d,
  author    = {Zhang, Yong and Zhou, Xiaobo and Lu, Ju and Lichtman, Jeff and Adjeroh, Donald and Wong, Stephen TC},
  title     = {3D axon structure extraction and analysis in confocal fluorescence microscopy images},
  journal   = {Neural computation},
  year      = {2008},
  volume    = {20},
  number    = {8},
  pages     = {1899--1927},
  publisher = {MIT Press},
}

@InProceedings{zhou2007vascular,
  author       = {Zhou, Jinghao and Chang, Sukmoon and Metaxas, Dimitris and Axel, Leon},
  title        = {Vascular structure segmentation and bifurcation detection},
  booktitle    = {Biomedical Imaging: From Nano to Macro, 2007. ISBI 2007. 4th IEEE International Symposium on},
  year         = {2007},
  pages        = {872--875},
  organization = {IEEE},
}

@Article{bray1973branching,
  author    = {Bray, D},
  title     = {Branching patterns of individual sympathetic neurons in culture},
  journal   = {The Journal of cell biology},
  year      = {1973},
  volume    = {56},
  number    = {3},
  pages     = {702--712},
  publisher = {Rockefeller Univ Press},
}

@Article{bevilacqua2009comparison,
  author  = {Bevilacqua, Vitoantonio and Cariello, Lucia and Giannini, Marco and Mastronardi, Giuseppe and Santarcangelo, Vito and Scaramuzzi, Rocco and Troccoli, Antonella},
  title   = {A Comparison Between a Geometrical and an ANN Based Method for Retinal Bifurcation Points Extraction.},
  journal = {J. UCS},
  year    = {2009},
  volume  = {15},
  number  = {13},
  pages   = {2608--2621},
}

@Article{kalitzin1998topological,
  author    = {Kalitzin, Stiliyan N and Romeny, Bart M Ter Haar and Salden, Alfons H and Nacken, Peter FM and Viergever, Max A},
  title     = {Topological numbers and singularities in scalar images: Scale-space evolution properties},
  journal   = {Journal of Mathematical Imaging and Vision},
  year      = {1998},
  volume    = {9},
  number    = {3},
  pages     = {253--269},
  publisher = {Springer},
}

@InProceedings{mottini2012axon,
  author       = {Mottini, Alejandro and Descombes, Xavier and Besse, Florence},
  title        = {Axon extraction from fluorescent confocal microscopy images},
  booktitle    = {Biomedical Imaging (ISBI), 2012 9th IEEE International Symposium on},
  year         = {2012},
  pages        = {764--767},
  organization = {IEEE},
}

@Article{scorcioni2004quantitative,
  author    = {Scorcioni, Ruggero and Lazarewicz, Maciej T and Ascoli, Giorgio A},
  title     = {Quantitative morphometry of hippocampal pyramidal cells: differences between anatomical classes and reconstructing laboratories},
  journal   = {Journal of Comparative Neurology},
  year      = {2004},
  volume    = {473},
  number    = {2},
  pages     = {177--193},
  publisher = {Wiley Online Library},
}

@Article{rodriguez2003automated,
  author    = {Rodriguez, Alfredo and Ehlenberger, Douglas and Kelliher, Kevin and Einstein, Michael and Henderson, Scott C and Morrison, John H and Hof, Patrick R and Wearne, Susan L},
  title     = {Automated reconstruction of three-dimensional neuronal morphology from laser scanning microscopy images},
  journal   = {Methods},
  year      = {2003},
  volume    = {30},
  number    = {1},
  pages     = {94--105},
  publisher = {Elsevier},
}

@Article{kawabe2010regulation,
  author    = {Kawabe, Hiroshi and Neeb, Antje and Dimova, Kalina and Young Jr, Samuel M and Takeda, Michiko and Katsurabayashi, Shutaro and Mitkovski, Miso and Malakhova, Oxana A and Zhang, Dong-Er and Umikawa, Masato and others},
  title     = {Regulation of Rap2A by the ubiquitin ligase Nedd4-1 controls neurite development},
  journal   = {Neuron},
  year      = {2010},
  volume    = {65},
  number    = {3},
  pages     = {358--372},
  publisher = {Elsevier},
}

@Article{lin2010mechanisms,
  author    = {Lin, Yu-Chih and Koleske, Anthony J},
  title     = {Mechanisms of synapse and dendrite maintenance and their disruption in psychiatric and neurodegenerative disorders},
  journal   = {Annual review of neuroscience},
  year      = {2010},
  volume    = {33},
  pages     = {349},
  publisher = {NIH Public Access},
}

@InCollection{frangi1998multiscale,
  author    = {Frangi, Alejandro F and Niessen, Wiro J and Vincken, Koen L and Viergever, Max A},
  title     = {Multiscale vessel enhancement filtering},
  booktitle = {Medical Image Computing and Computer-Assisted Interventation---MICCAI'98},
  publisher = {Springer},
  year      = {1998},
  pages     = {130--137},
}

@Article{san1991quantitation,
  author    = {San, ERA and Schmidt-Michels, MH and Spruijt, BM and Oestreicher, AB and Schotman, P and Gispen, WH},
  title     = {Quantitation of the growth-associated protein B-50/GAP-43 and neurite outgrowth in PC12 cells},
  journal   = {Journal of neuroscience research},
  year      = {1991},
  volume    = {29},
  number    = {2},
  pages     = {149--154},
  publisher = {Wiley Online Library},
}

@InCollection{scheuermann2013efficient,
  author    = {Scheuermann, Bj{\"o}rn and Schlosser, Markus and Rosenhahn, Bodo},
  title     = {Efficient Pixel-Grouping Based on Dempster's Theory of Evidence for Image Segmentation},
  booktitle = {Computer Vision--ACCV 2012},
  publisher = {Springer},
  year      = {2013},
  pages     = {745--759},
}

@InProceedings{adamek2007using,
  author       = {Adamek, Tomasz and O'Connor, Noel E},
  title        = {Using dempster-shafer theory to fuse multiple information sources in region-based segmentation},
  booktitle    = {Image Processing, 2007. ICIP 2007. IEEE International Conference on},
  year         = {2007},
  volume       = {2},
  pages        = {II--269},
  organization = {IEEE},
}

@Article{chaabane2009dempster,
  author    = {Chaabane, S Ben and Sayadi, M and Fnaiech, F and Brassart, E},
  title     = {Dempster-Shafer evidence theory for image segmentation: application in cells images},
  journal   = {International Journal of Signal Processing},
  year      = {2009},
  volume    = {5},
  number    = {1},
  publisher = {Citeseer},
}

@InCollection{benseghir2013iterative,
  author    = {Benseghir, Thomas and Malandain, Gr{\'e}goire and Vaillant, R{\'e}gis},
  title     = {Iterative Closest Curve: a Framework for Curvilinear Structure Registration Application to 2D/3D Coronary Arteries Registration},
  booktitle = {Medical Image Computing and Computer-Assisted Intervention--MICCAI 2013},
  publisher = {Springer},
  year      = {2013},
  pages     = {179--186},
}

@Article{doyle1962operations,
  author    = {Doyle, Worthie},
  title     = {Operations useful for similarity-invariant pattern recognition},
  journal   = {Journal of the ACM (JACM)},
  year      = {1962},
  volume    = {9},
  number    = {2},
  pages     = {259--267},
  publisher = {ACM},
}

@article{zadeh1975fuzzy,
	Author = {Zadeh, Lotfi A},
	Journal = {Synthese},
	Number = {3-4},
	Pages = {407--428},
	Publisher = {Springer},
	Title = {Fuzzy logic and approximate reasoning},
	Volume = {30},
	Year = {1975}}

@Article{zadeh1988fuzzy,
  author    = {Zadeh, Lofti A},
  title     = {Fuzzy logic},
  journal   = {Computer},
  year      = {1988},
  volume    = {21},
  number    = {4},
  pages     = {83--93},
  publisher = {IEEE Computer Society},
}

@Article{kapur1985new,
  author    = {Kapur, Jagat Narain and Sahoo, Prasanna K and Wong, Andrew KC},
  title     = {A new method for gray-level picture thresholding using the entropy of the histogram},
  journal   = {Computer vision, graphics, and image processing},
  year      = {1985},
  volume    = {29},
  number    = {3},
  pages     = {273--285},
  publisher = {Elsevier},
}

@inproceedings{forstner1987fast,
	Author = {F{\"o}rstner, Wolfgang and G{\"u}lch, Eberhard},
	Booktitle = {Proc. ISPRS intercommission conference on fast processing of photogrammetric data},
	Pages = {281--305},
	Title = {A fast operator for detection and precise location of distinct points, corners and centres of circular features},
	Year = {1987}}

@inproceedings{hinz2005fast,
	Author = {Hinz, Stefan},
	Booktitle = {Image Processing, 2005. ICIP 2005. IEEE International Conference on},
	Organization = {IEEE},
	Pages = {III--457},
	Title = {Fast and subpixel precise blob detection and attribution},
	Volume = {3},
	Year = {2005}}

@Article{arganda20103d,
  author    = {Arganda-Carreras, Ignacio and Fern{\'a}ndez-Gonz{\'a}lez, Rodrigo and Mu{\~n}oz-Barrutia, Arrate and Ortiz-De-Solorzano, Carlos},
  title     = {3D reconstruction of histological sections: Application to mammary gland tissue},
  journal   = {Microscopy research and technique},
  year      = {2010},
  volume    = {73},
  number    = {11},
  pages     = {1019--1029},
  publisher = {Wiley Online Library},
}

@article{peng2014extensible,
	Author = {Peng, Hanchuan and Bria, Alessandro and Zhou, Zhi and Iannello, Giulio and Long, Fuhui},
	Journal = {Nature protocols},
	Number = {1},
	Pages = {193--208},
	Publisher = {Nature Publishing Group},
	Title = {Extensible visualization and analysis for multidimensional images using Vaa3D},
	Volume = {9},
	Year = {2014}}

@article{lee1994building,
	Author = {Lee, Ta-Chih and Kashyap, Rangasami L and Chu, Chong-Nam},
	Journal = {CVGIP: Graphical Models and Image Processing},
	Number = {6},
	Pages = {462--478},
	Publisher = {Elsevier},
	Title = {Building skeleton models via 3-D medial surface axis thinning algorithms},
	Volume = {56},
	Year = {1994}}

@Article{schindelin2012fiji,
  author    = {Schindelin, Johannes and Arganda-Carreras, Ignacio and Frise, Erwin and Kaynig, Verena and Longair, Mark and Pietzsch, Tobias and Preibisch, Stephan and Rueden, Curtis and Saalfeld, Stephan and Schmid, Benjamin and others},
  title     = {Fiji: an open-source platform for biological-image analysis},
  journal   = {Nature methods},
  year      = {2012},
  volume    = {9},
  number    = {7},
  pages     = {676--682},
  publisher = {Nature Publishing Group},
}

@Article{cannon1998line,
  author    = {Cannon, RC and Turner, DA and Pyapali, GK and Wheal, HV},
  title     = {An on-line archive of reconstructed hippocampal neurons},
  journal   = {Journal of neuroscience methods},
  year      = {1998},
  volume    = {84},
  number    = {1},
  pages     = {49--54},
  publisher = {Elsevier},
}

@Article{andres20123d,
  author    = {Andres, Bjoern and Koethe, Ullrich and Kroeger, Thorben and Helmstaedter, Moritz and Briggman, Kevin L and Denk, Winfried and Hamprecht, Fred A},
  title     = {3D segmentation of SBFSEM images of neuropil by a graphical model over supervoxel boundaries},
  journal   = {Medical image analysis},
  year      = {2012},
  volume    = {16},
  number    = {4},
  pages     = {796--805},
  publisher = {Elsevier},
}

@Article{heumann2009tree,
  author    = {Heumann, Holger and Wittum, Gabriel},
  title     = {The tree-edit-distance, a measure for quantifying neuronal morphology},
  journal   = {Neuroinformatics},
  year      = {2009},
  volume    = {7},
  number    = {3},
  pages     = {179--190},
  publisher = {Springer},
}

@Article{gillette2009comparing,
  author    = {Gillette, Todd A and Grefenstette, John J},
  title     = {On comparing neuronal morphologies with the constrained tree-edit-distance},
  journal   = {Neuroinformatics},
  year      = {2009},
  volume    = {7},
  number    = {3},
  pages     = {191--194},
  publisher = {Springer},
}

@Article{al2002rapid,
  author    = {Al-Kofahi, Khalid A and Lasek, Sharie and Szarowski, Donald H and Pace, Christopher J and Nagy, George and Turner, James N and Roysam, Badrinath},
  title     = {Rapid automated three-dimensional tracing of neurons from confocal image stacks},
  journal   = {Information Technology in Biomedicine, IEEE Transactions on},
  year      = {2002},
  volume    = {6},
  number    = {2},
  pages     = {171--187},
  publisher = {IEEE},
}

@Article{cohen1994automated,
  author    = {Cohen, AR and Roysam, B and Turner, JN},
  title     = {Automated tracing and volume measurements of neurons from 3-D confocal fluorescence microscopy data},
  journal   = {Journal of microscopy},
  year      = {1994},
  volume    = {173},
  number    = {2},
  pages     = {103--114},
  publisher = {Wiley Online Library},
}

@Article{lu2009semi,
  author    = {Lu, Ju and Fiala, John C and Lichtman, Jeff W},
  title     = {Semi-automated reconstruction of neural processes from large numbers of fluorescence images},
  journal   = {PLoS One},
  year      = {2009},
  volume    = {4},
  number    = {5},
  pages     = {e5655},
  publisher = {Public Library of Science},
}

@Article{narro2007neuronmetrics,
  author    = {Narro, Martha L and Yang, Fan and Kraft, Robert and Wenk, Carola and Efrat, Alon and Restifo, Linda L},
  title     = {NeuronMetrics: software for semi-automated processing of cultured neuron images},
  journal   = {Brain research},
  year      = {2007},
  volume    = {1138},
  pages     = {57--75},
  publisher = {Elsevier},
}

@Article{rodriguez2008automated,
  author    = {Rodriguez, Alfredo and Ehlenberger, Douglas B and Dickstein, Dara L and Hof, Patrick R and Wearne, Susan L},
  title     = {Automated three-dimensional detection and shape classification of dendritic spines from fluorescence microscopy images},
  journal   = {PloS one},
  year      = {2008},
  volume    = {3},
  number    = {4},
  pages     = {e1997},
  publisher = {Public Library of Science},
}

@Article{vallotton2007automated,
  author    = {Vallotton, Pascal and Lagerstrom, Ryan and Sun, Changming and Buckley, Michael and Wang, Dadong and De Silva, Melanie and Tan, Seong-Seng and Gunnersen, Jenny M},
  title     = {Automated analysis of neurite branching in cultured cortical neurons using HCA-Vision},
  journal   = {Cytometry Part A},
  year      = {2007},
  volume    = {71},
  number    = {10},
  pages     = {889--895},
  publisher = {Wiley Online Library},
}

@article{radojeviccritical,
	Author = {Radojevic, Miroslav and Smal, Ihor and Niessen, Wiro and Meijering, Erik},
	Title = {Critical Points Detection in Neuron Microscopy Images}}

@InProceedings{julier1997new,
  author       = {Julier, Simon J and Uhlmann, Jeffrey K},
  title        = {A new extension of the Kalman filter to nonlinear systems},
  booktitle    = {Int. symp. aerospace/defense sensing, simul. and controls},
  year         = {1997},
  volume       = {3},
  number       = {26},
  pages        = {3--2},
  organization = {Orlando, FL},
}

@Article{ho1964bayesian,
  author    = {Ho, Yu-Chi and Lee, RCKA},
  title     = {A Bayesian approach to problems in stochastic estimation and control},
  journal   = {Automatic Control, IEEE Transactions on},
  year      = {1964},
  volume    = {9},
  number    = {4},
  pages     = {333--339},
  publisher = {IEEE},
}

@Article{mihaljevic2014bayesian,
  author    = {Mihaljevi{\'c}, Bojan and Benavides-Piccione, Ruth and Bielza, Concha and DeFelipe, Javier and Larra{\~n}aga, Pedro},
  title     = {Bayesian network classifiers for categorizing cortical GABAergic interneurons},
  journal   = {Neuroinformatics},
  year      = {2014},
  pages     = {1--16},
  publisher = {Springer},
}

@Article{mihaljevic2014multi,
  author    = {Mihaljevi{\'c}, Bojan and Bielza, Concha and Benavides-Piccione, Ruth and DeFelipe, Javier and Larra{\~n}aga, Pedro},
  title     = {Multi-dimensional classification of GABAergic interneurons with Bayesian network-modeled label uncertainty},
  journal   = {Frontiers in Computational Neuroscience},
  year      = {2014},
  volume    = {8},
  pages     = {150},
  publisher = {Frontiers},
}

@Article{azzopardi2013automatic,
  author    = {Azzopardi, George and Petkov, Nicolai},
  title     = {Automatic detection of vascular bifurcations in segmented retinal images using trainable COSFIRE filters},
  journal   = {Pattern Recognition Letters},
  year      = {2013},
  volume    = {34},
  number    = {8},
  pages     = {922--933},
  publisher = {Elsevier},
}

@Article{horn1983curve,
  author    = {Horn, Berthold KP},
  title     = {The curve of least energy},
  journal   = {ACM Transactions on Mathematical Software (TOMS)},
  year      = {1983},
  volume    = {9},
  number    = {4},
  pages     = {441--460},
  publisher = {ACM},
}

@Article{goldstein2010geometric,
  author    = {Goldstein, Tom and Bresson, Xavier and Osher, Stanley},
  title     = {Geometric applications of the split Bregman method: segmentation and surface reconstruction},
  journal   = {Journal of Scientific Computing},
  year      = {2010},
  volume    = {45},
  number    = {1-3},
  pages     = {272--293},
  publisher = {Springer},
}

@InProceedings{sironi2014multiscale,
  author       = {Sironi, Amos and Lepetit, Vincent and Fua, Pascal},
  title        = {Multiscale Centerline Detection by Learning a Scale-Space Distance Transform},
  booktitle    = {Computer Vision and Pattern Recognition (CVPR), 2014 IEEE Conference on},
  year         = {2014},
  pages        = {2697--2704},
  organization = {IEEE},
}

@Article{shamir2008source,
  author  = {Shamir, Lior and Orlov, Nikita and Eckley, D Mark and Macura, Tomasz and Johnston, Josiah and Goldberg, Ilya G},
  title   = {Source Code for Biology and Medicine},
  journal = {Source code for biology and medicine},
  year    = {2008},
  volume  = {3},
  pages   = {13},
}

@Article{orlov2008wnd,
  author    = {Orlov, Nikita and Shamir, Lior and Macura, Tomasz and Johnston, Josiah and Eckley, D Mark and Goldberg, Ilya G},
  title     = {WND-CHARM: Multi-purpose image classification using compound image transforms},
  journal   = {Pattern recognition letters},
  year      = {2008},
  volume    = {29},
  number    = {11},
  pages     = {1684--1693},
  publisher = {Elsevier},
}

@InProceedings{foncubierta2013medical,
  author       = {Foncubierta-Rodr{\'\i}guez, Antonio and Garc{\'\i}a Seco de Herrera, Alba and M{\"u}ller, Henning},
  title        = {Medical image retrieval using bag of meaningful visual words: unsupervised visual vocabulary pruning with PLSA},
  booktitle    = {Proceedings of the 1st ACM international workshop on Multimedia indexing and information retrieval for healthcare},
  year         = {2013},
  pages        = {75--82},
  organization = {ACM},
}

@Article{lowe2004distinctive,
  author    = {Lowe, David G},
  title     = {Distinctive image features from scale-invariant keypoints},
  journal   = {International journal of computer vision},
  year      = {2004},
  volume    = {60},
  number    = {2},
  pages     = {91--110},
  publisher = {Springer},
}

@InProceedings{dalal2005histograms,
  author       = {Dalal, Navneet and Triggs, Bill},
  title        = {Histograms of oriented gradients for human detection},
  booktitle    = {Computer Vision and Pattern Recognition, 2005. CVPR 2005. IEEE Computer Society Conference on},
  year         = {2005},
  volume       = {1},
  pages        = {886--893},
  organization = {IEEE},
}

@Article{depeursinge2014three,
  author    = {Depeursinge, Adrien and Foncubierta-Rodriguez, Antonio and Van De Ville, Dimitri and M{\"u}ller, Henning},
  title     = {Three-dimensional solid texture analysis in biomedical imaging: Review and opportunities},
  journal   = {Medical image analysis},
  year      = {2014},
  volume    = {18},
  number    = {1},
  pages     = {176--196},
  publisher = {Elsevier},
}

@Article{shamir2010pattern,
  author    = {Shamir, Lior and Delaney, John D and Orlov, Nikita and Eckley, D Mark and Goldberg, Ilya G},
  title     = {Pattern recognition software and techniques for biological image analysis},
  journal   = {PLoS computational biology},
  year      = {2010},
  volume    = {6},
  number    = {11},
  pages     = {e1000974},
  publisher = {Public Library of Science},
}

@Article{zhang2005automatic,
  author    = {Zhang, Ling and Chapman, Brian E and Parker, Dennis L and Roberts, John A and Guo, Junyu and Vemuri, Prashanthi and Moon, Sung M and Noo, Frederic},
  title     = {Automatic detection of three-dimensional vascular tree centerlines and bifurcations in high-resolution magnetic resonance angiography},
  journal   = {Investigative radiology},
  year      = {2005},
  volume    = {40},
  number    = {10},
  pages     = {661--671},
  publisher = {LWW},
}

@Article{lebrun2013nonlocal,
  author    = {Lebrun, M and Buades, Antoni and Morel, Jean-Michel},
  title     = {A nonlocal bayesian image denoising algorithm},
  journal   = {SIAM Journal on Imaging Sciences},
  year      = {2013},
  volume    = {6},
  number    = {3},
  pages     = {1665--1688},
  publisher = {SIAM},
}

@InProceedings{fox2007hierarchical,
  author       = {Fox, Emily B and Sudderth, Erik B and Willsky, Alan S},
  title        = {Hierarchical Dirichlet processes for tracking maneuvering targets},
  booktitle    = {Information Fusion, 2007 10th International Conference on},
  year         = {2007},
  pages        = {1--8},
  organization = {IEEE},
}

@Article{mutterer2013quick,
  author    = {Mutterer, J and Zinck, E},
  title     = {Quick-and-clean article figures with FigureJ},
  journal   = {Journal of microscopy},
  year      = {2013},
  volume    = {252},
  number    = {1},
  pages     = {89--91},
  publisher = {Wiley Online Library},
}

@Article{shuang2014fast,
  author    = {Shuang, Bo and Cooper, David and Taylor, J Nick and Kisley, Lydia and Chen, Jixin and Wang, Wenxiao and Li, Chun Biu and Komatsuzaki, Tamiki and Landes, Christy F},
  title     = {Fast Step Transition and State Identification (STaSI) for Discrete Single-Molecule Data Analysis},
  journal   = {The journal of physical chemistry letters},
  year      = {2014},
  volume    = {5},
  number    = {18},
  pages     = {3157--3161},
  publisher = {ACS Publications},
}

@InProceedings{streit2009phd,
  author       = {Streit, Roy L},
  title        = {PHD intensity filtering is one step of a MAP estimation algorithm for positron emission tomography},
  booktitle    = {Information Fusion, 2009. FUSION'09. 12th International Conference on},
  year         = {2009},
  pages        = {308--315},
  organization = {IEEE},
}

@Article{yan2013automated,
  author    = {Yan, Cheng and Li, Anan and Zhang, Bin and Ding, Wenxiang and Luo, Qingming and Gong, Hui},
  title     = {Automated and accurate detection of soma location and surface morphology in large-scale 3D neuron images},
  journal   = {PloS one},
  year      = {2013},
  volume    = {8},
  number    = {4},
  pages     = {e62579},
  publisher = {Public Library of Science},
}

@Article{ho2011neurphologyj,
  author    = {Ho, Shinn-Ying and Chao, Chih-Yuan and Huang, Hui-Ling and Chiu, Tzai-Wen and Charoenkwan, Phasit and Hwang, Eric},
  title     = {NeurphologyJ: An automatic neuronal morphology quantification method and its application in pharmacological discovery},
  journal   = {BMC bioinformatics},
  year      = {2011},
  volume    = {12},
  number    = {1},
  pages     = {230},
  publisher = {BioMed Central Ltd},
}

@Article{paul2013coupling,
  author    = {Paul, Gr{\'e}gory and Cardinale, Janick and Sbalzarini, Ivo F},
  title     = {Coupling image restoration and segmentation: a generalized linear model/Bregman perspective},
  journal   = {International Journal of Computer Vision},
  year      = {2013},
  volume    = {104},
  number    = {1},
  pages     = {69--93},
  publisher = {Springer},
}

@Article{cardinale2012discrete,
  author    = {Cardinale, Janick and Paul, Gr{\'e}gory and Sbalzarini, Ivo F},
  title     = {Discrete region competition for unknown numbers of connected regions},
  journal   = {Image Processing, IEEE Transactions on},
  year      = {2012},
  volume    = {21},
  number    = {8},
  pages     = {3531--3545},
  publisher = {IEEE},
}

@Article{azzopardi2013trainable,
  author    = {Azzopardi, George and Petkov, Nicolai},
  title     = {Trainable COSFIRE filters for keypoint detection and pattern recognition},
  journal   = {Pattern Analysis and Machine Intelligence, IEEE Transactions on},
  year      = {2013},
  volume    = {35},
  number    = {2},
  pages     = {490--503},
  publisher = {IEEE},
}

@InProceedings{montemerlo2002fastslam,
  author    = {Montemerlo, Michael and Thrun, Sebastian and Koller, Daphne and Wegbreit, Ben and others},
  title     = {FastSLAM: A factored solution to the simultaneous localization and mapping problem},
  booktitle = {AAAI/IAAI},
  year      = {2002},
  pages     = {593--598},
}

@InProceedings{ribas2007underwater,
  author       = {Ribas Romag{\'o}s, David and Ridao Rodr{\'\i}guez, Pere and Tard{\'o}s, Juan Domingo and Neira Parra, Jos{\'e}},
  title        = {Underwater SLAM in a marina environment},
  booktitle    = {{\copyright} IEEE/RSJ International Conference on Intelligent Robots and Systems: 2007: IROS 2007, 2007, p. 1455-1460},
  year         = {2007},
  organization = {IEEE},
}

@InCollection{turetken2010reconstructing,
  author    = {T{\"u}retken, Engin and Blum, Christian and Gonz{\'a}lez, Germ{\'a}n and Fua, Pascal},
  title     = {Reconstructing geometrically consistent tree structures from noisy images},
  booktitle = {Medical Image Computing and Computer-Assisted Intervention--MICCAI 2010},
  publisher = {Springer},
  year      = {2010},
  pages     = {291--299},
}

@InProceedings{turetken2013reconstructing,
  author       = {Turetken, Engin and Benmansour, Fethallah and Andres, Bjoern and Pfister, Hanspeter and Fua, Pascal},
  title        = {Reconstructing loopy curvilinear structures using integer programming},
  booktitle    = {Computer Vision and Pattern Recognition (CVPR), 2013 IEEE Conference on},
  year         = {2013},
  pages        = {1822--1829},
  organization = {Ieee},
}

@InProceedings{turetken2013detecting,
  author       = {Turetken, Engin and Becker, Carlos and Glowacki, Przemyslaw and Benmansour, Fethallah and Fua, Pascal},
  title        = {Detecting Irregular Curvilinear Structures in Gray Scale and Color Imagery using Multi-Directional Oriented Flux},
  booktitle    = {Computer Vision (ICCV), 2013 IEEE International Conference on},
  year         = {2013},
  pages        = {1553--1560},
  organization = {IEEE},
}

@Article{saff1997distributing,
  author    = {Saff, Edward B and Kuijlaars, A BJ},
  title     = {Distributing many points on a sphere},
  journal   = {The mathematical intelligencer},
  year      = {1997},
  volume    = {19},
  number    = {1},
  pages     = {5--11},
  publisher = {Springer},
}

@InCollection{schaap2007bayesian,
  author    = {Schaap, Michiel and Manniesing, Rashindra and Smal, Ihor and Van Walsum, Theo and Van Der Lugt, Aad and Niessen, Wiro},
  title     = {Bayesian tracking of tubular structures and its application to carotid arteries in CTA},
  booktitle = {Medical Image Computing and Computer-Assisted Intervention--MICCAI 2007},
  publisher = {Springer},
  year      = {2007},
  pages     = {562--570},
}

@Article{kovesi2000phase,
  author    = {Kovesi, Peter},
  title     = {Phase congruency: A low-level image invariant},
  journal   = {Psychological research},
  year      = {2000},
  volume    = {64},
  number    = {2},
  pages     = {136--148},
  publisher = {Springer},
}

@InProceedings{wang2007dynamic,
  author       = {Wang, Jun and Zhou, Xiaobo and Lu, Ju and Lichtman, Jeff and Chang, Shih-Fu and Wong, Stephen TC},
  title        = {Dynamic local tracing for 3d axon curvilinear structure detection from microscopic image stack},
  booktitle    = {Biomedical Imaging: From Nano to Macro, 2007. ISBI 2007. 4th IEEE International Symposium on},
  year         = {2007},
  pages        = {81--84},
  organization = {IEEE},
}

@Article{luisi2011farsight,
  author    = {Luisi, Jonathan and Narayanaswamy, Arunachalam and Galbreath, Zachary and Roysam, Badrinath},
  title     = {The FARSIGHT trace editor: an open source tool for 3-D inspection and efficient pattern analysis aided editing of automated neuronal reconstructions},
  journal   = {Neuroinformatics},
  year      = {2011},
  volume    = {9},
  number    = {2-3},
  pages     = {305--315},
  publisher = {Springer},
}

@Article{benmansour2011tubular,
  author    = {Benmansour, Fethallah and Cohen, Laurent D},
  title     = {Tubular structure segmentation based on minimal path method and anisotropic enhancement},
  journal   = {International Journal of Computer Vision},
  year      = {2011},
  volume    = {92},
  number    = {2},
  pages     = {192--210},
  publisher = {Springer},
}

@Article{jurrus2009axon,
  author    = {Jurrus, Elizabeth and Hardy, Melissa and Tasdizen, Tolga and Fletcher, P Thomas and Koshevoy, Pavel and Chien, Chi-Bin and Denk, Winfried and Whitaker, Ross},
  title     = {Axon tracking in serial block-face scanning electron microscopy},
  journal   = {Medical image analysis},
  year      = {2009},
  volume    = {13},
  number    = {1},
  pages     = {180--188},
  publisher = {Elsevier},
}

@Article{peng2011proof,
  author    = {Peng, Hanchuan and Long, Fuhui and Zhao, Ting and Myers, Eugene},
  title     = {Proof-editing is the bottleneck of 3D neuron reconstruction: the problem and solutions},
  journal   = {Neuroinformatics},
  year      = {2011},
  volume    = {9},
  number    = {2-3},
  pages     = {103--105},
  publisher = {Springer},
}

@Article{feng2015neutube,
  author    = {Feng, Linqing and Zhao, Ting and Kim, Jinhyun},
  title     = {neuTube 1.0: A New Design for Efficient Neuron Reconstruction Software Based on the SWC Format},
  journal   = {eneuro},
  year      = {2015},
  volume    = {2},
  number    = {1},
  pages     = {ENEURO--0049},
  publisher = {eneuro},
}

@Article{rezakhaniha2012experimental,
  author    = {Rezakhaniha, Rana and Agianniotis, Aristotelis and Schrauwen, Jelle Tymen Christiaan and Griffa, Alessandra and Sage, Daniel and Bouten, CVC and Van de Vosse, FN and Unser, Micha{\"e}l and Stergiopulos, Nikolaos},
  title     = {Experimental investigation of collagen waviness and orientation in the arterial adventitia using confocal laser scanning microscopy},
  journal   = {Biomechanics and modeling in mechanobiology},
  year      = {2012},
  volume    = {11},
  number    = {3-4},
  pages     = {461--473},
  publisher = {Springer},
}

@Article{vo2013robust,
  author    = {Vo, Ba-Tuong and Vo, Ba-Ngu and Hoseinnezhad, Reza and Mahler, Ronald PS},
  title     = {Robust multi-Bernoulli filtering},
  journal   = {Selected Topics in Signal Processing, IEEE Journal of},
  year      = {2013},
  volume    = {7},
  number    = {3},
  pages     = {399--409},
  publisher = {IEEE},
}

@Article{mahler2013statistics,
  author    = {Mahler, Ronald},
  title     = {``Statistics 102'' for Multisource-Multitarget Detection and Tracking},
  journal   = {Selected Topics in Signal Processing, IEEE Journal of},
  year      = {2013},
  volume    = {7},
  number    = {3},
  pages     = {376--389},
  publisher = {IEEE},
}

@Article{chen2003bayesian,
  author  = {Chen, Zhe},
  title   = {Bayesian filtering: From Kalman filters to particle filters, and beyond},
  journal = {Statistics},
  year    = {2003},
  volume  = {182},
  number  = {1},
  pages   = {1--69},
}

@Article{yi2013efficient,
  author    = {Yi, Wei and Morelande, Mark R and Kong, Lingjiang and Yang, Jianyu},
  title     = {An efficient multi-frame track-before-detect algorithm for multi-target tracking},
  journal   = {Selected Topics in Signal Processing, IEEE Journal of},
  year      = {2013},
  volume    = {7},
  number    = {3},
  pages     = {421--434},
  publisher = {IEEE},
}

@Article{debanne2011axon,
  author    = {Debanne, Dominique and Campanac, Emilie and Bialowas, Andrzej and Carlier, Edmond and Alcaraz, Gis{\`e}le},
  title     = {Axon physiology},
  journal   = {Physiological reviews},
  year      = {2011},
  volume    = {91},
  number    = {2},
  pages     = {555--602},
  publisher = {Am Physiological Soc},
}

@Article{calderon2015inferring,
  author  = {Calderon, Christopher P and Bloom, Kerry S},
  title   = {Inferring Latent States and Refining Force Estimates via Hierarchical Dirichlet Process Modeling in Single Particle Tracking Experiments},
  journal = {arXiv preprint arXiv:1501.00303},
  year    = {2015},
}

@Article{lin2014efficient,
  author    = {Lin, Bingxiong and Sun, Yu and Sanchez, Jaime E and Qian, Xiaoning},
  title     = {Efficient Vessel Feature Detection for Endoscopic Image Analysis},
  year      = {2014},
  publisher = {IEEE},
}

@Article{cuntz2010one,
  author    = {Cuntz, Hermann and Forstner, Friedrich and Borst, Alexander and H{\"a}usser, Michael},
  title     = {One rule to grow them all: a general theory of neuronal branching and its practical application},
  journal   = {PLoS computational biology},
  year      = {2010},
  volume    = {6},
  number    = {8},
  pages     = {e1000877},
  publisher = {Public Library of Science},
}

@Article{peng2014virtual,
  author    = {Peng, Hanchuan and Tang, Jianyong and Xiao, Hang and Bria, Alessandro and Zhou, Jianlong and Butler, Victoria and Zhou, Zhi and Gonzalez-Bellido, Paloma T and Oh, Seung W and Chen, Jichao and others},
  title     = {Virtual finger boosts three-dimensional imaging and microsurgery as well as terabyte volume image visualization and analysis},
  journal   = {Nature communications},
  year      = {2014},
  volume    = {5},
  publisher = {Nature Publishing Group},
}

@Article{sotiras2013deformable,
  author    = {Sotiras, Aristeidis and Davatzikos, Christos and Paragios, Nikos},
  title     = {Deformable medical image registration: A survey},
  journal   = {Medical Imaging, IEEE Transactions on},
  year      = {2013},
  volume    = {32},
  number    = {7},
  pages     = {1153--1190},
  publisher = {IEEE},
}

@Article{hu1962visual,
  author    = {Hu, Ming-Kuei},
  title     = {Visual pattern recognition by moment invariants},
  journal   = {Information Theory, IRE Transactions on},
  year      = {1962},
  volume    = {8},
  number    = {2},
  pages     = {179--187},
  publisher = {IEEE},
}

@Article{anjum2008multifeature,
  author    = {Anjum, Nadeem and Cavallaro, Andrea},
  title     = {Multifeature object trajectory clustering for video analysis},
  journal   = {Circuits and Systems for Video Technology, IEEE Transactions on},
  year      = {2008},
  volume    = {18},
  number    = {11},
  pages     = {1555--1564},
  publisher = {IEEE},
}

@InProceedings{vo2003sequential,
  author    = {Vo, Ba-Ngu and Singh, Sumeetpal and Doucet, Arnaud},
  title     = {Sequential Monte Carlo implementation of the PHD filter for multi-target tracking},
  booktitle = {Proc. Int'l Conf. on Information Fusion},
  year      = {2003},
  pages     = {792--799},
}

@Article{sahoo1988survey,
  author    = {Sahoo, Prasanna K and Soltani, SAKC and Wong, Andrew KC},
  title     = {A survey of thresholding techniques},
  journal   = {Computer vision, graphics, and image processing},
  year      = {1988},
  volume    = {41},
  number    = {2},
  pages     = {233--260},
  publisher = {Elsevier},
}

@Article{van1997quantitative,
  author    = {Van Kempen, GMP and Van Vliet, LJ and Verveer, PJ and Van Der Voort, HTM},
  title     = {A quantitative comparison of image restoration methods for confocal microscopy},
  journal   = {Journal of Microscopy},
  year      = {1997},
  volume    = {185},
  number    = {3},
  pages     = {354--365},
  publisher = {Wiley Online Library},
}

@Article{zhou2015tremap,
  author    = {Zhou, Zhi and Liu, Xiaoxiao and Long, Brian and Peng, Hanchuan},
  title     = {TReMAP: Automatic 3D Neuron Reconstruction Based on Tracing, Reverse Mapping and Assembling of 2D Projections},
  journal   = {Neuroinformatics},
  year      = {2015},
  pages     = {1--10},
  publisher = {Springer},
}

@Article{wan2015blastneuron,
  author    = {Wan, Yinan and Long, Fuhui and Qu, Lei and Xiao, Hang and Hawrylycz, Michael and Myers, Eugene W and Peng, Hanchuan},
  title     = {BlastNeuron for automated comparison, retrieval and clustering of 3D neuron morphologies},
  journal   = {Neuroinformatics},
  year      = {2015},
  pages     = {1--13},
  publisher = {Springer},
}

@Article{mahler2003multitarget,
  author    = {Mahler, Ronald PS},
  title     = {Multitarget Bayes filtering via first-order multitarget moments},
  journal   = {Aerospace and Electronic Systems, IEEE Transactions on},
  year      = {2003},
  volume    = {39},
  number    = {4},
  pages     = {1152--1178},
  publisher = {IEEE},
}

@book{stone2013bayesian,
	Author = {Stone, Lawrence D and Streit, Roy L and Corwin, Thomas L and Bell, Kristine L},
	Publisher = {Artech House},
	Title = {Bayesian multiple target tracking},
	Year = {2013}}

@TechReport{mahler2000theoretical,
  author      = {Mahler, Ronald P},
  title       = {A Theoretical Foundation for the Stein-Winter ``Probability Hypothesis Density (PHD)'' Multitarget Tracking Approach},
  institution = {DTIC Document},
  year        = {2000},
}

@Article{vo2007analytic,
  author    = {Vo, Ba-Tuong and Vo, Ba-Ngu and Cantoni, Antonio},
  title     = {Analytic implementations of the cardinalized probability hypothesis density filter},
  journal   = {Signal Processing, IEEE Transactions on},
  year      = {2007},
  volume    = {55},
  number    = {7},
  pages     = {3553--3567},
  publisher = {IEEE},
}

@InProceedings{schikora2012box,
  author       = {Schikora, Marek and Gning, Amadou and Mihaylova, Lyudmila and Cremers, Daniel and Koch, Wolfgang},
  title        = {Box-particle PHD filter for multi-target tracking},
  booktitle    = {Information Fusion (FUSION), 2012 15th International Conference on},
  year         = {2012},
  pages        = {106--113},
  organization = {IEEE},
}

@Article{esteves2012gradient,
  author    = {Esteves, Tiago and Quelhas, Pedro and Mendon{\c{c}}a, Ana Maria and Campilho, Aur{\'e}lio},
  title     = {Gradient convergence filters and a phase congruency approach for in vivo cell nuclei detection},
  journal   = {Machine Vision and Applications},
  year      = {2012},
  volume    = {23},
  number    = {4},
  pages     = {623--638},
  publisher = {Springer},
}

@Article{bauer2014airway,
  author    = {Bauer, Christian and Krueger, Melissa and Lamm, Wayne J and Smith, Brian J and Glenny, Robb W and Beichel, Reinhard R and others},
  title     = {Airway Tree Segmentation in Serial Block-Face Cryomicrotome Images of Rat Lungs},
  journal   = {Biomedical Engineering, IEEE Transactions on},
  year      = {2014},
  volume    = {61},
  number    = {1},
  pages     = {119--130},
  publisher = {IEEE},
}

@InProceedings{baser2012novel,
  author       = {Baser, Erkan and Efe, Murat},
  title        = {A novel auxiliary particle PHD filter},
  booktitle    = {Information Fusion (FUSION), 2012 15th International Conference on},
  year         = {2012},
  pages        = {165--172},
  organization = {IEEE},
}

@Article{chan2001active,
  author    = {Chan, Tony F and Vese, Luminita and others},
  title     = {Active contours without edges},
  journal   = {Image processing, IEEE transactions on},
  year      = {2001},
  volume    = {10},
  number    = {2},
  pages     = {266--277},
  publisher = {IEEE},
}

@Article{xu1998snakes,
  author    = {Xu, Chenyang and Prince, Jerry L},
  title     = {Snakes, shapes, and gradient vector flow},
  journal   = {Image Processing, IEEE Transactions on},
  year      = {1998},
  volume    = {7},
  number    = {3},
  pages     = {359--369},
  publisher = {IEEE},
}

@Article{whiteley2010auxiliary,
  author    = {Whiteley, Nick and Singh, Sumeetpal and Godsill, Simon},
  title     = {Auxiliary particle implementation of probability hypothesis density filter},
  journal   = {Aerospace and Electronic Systems, IEEE Transactions on},
  year      = {2010},
  volume    = {46},
  number    = {3},
  pages     = {1437--1454},
  publisher = {IEEE},
}

@Article{mukherjee2011automated,
  author    = {Mukherjee, Amit and Jenkins, Brian and Fang, Cheng and Radke, Richard J and Banker, Gary and Roysam, Badrinath},
  title     = {Automated kymograph analysis for profiling axonal transport of secretory granules},
  journal   = {Medical image analysis},
  year      = {2011},
  volume    = {15},
  number    = {3},
  pages     = {354--367},
  publisher = {Elsevier},
}

@Article{radojevic2015fuzzy,
  author    = {Radojevi{\'c}, Miroslav and Smal, Ihor and Meijering, Erik},
  title     = {Fuzzy-Logic Based Detection and Characterization of Junctions and Terminations in Fluorescence Microscopy Images of Neurons},
  journal   = {Neuroinformatics},
  year      = {2015},
  pages     = {1--19},
  publisher = {Springer},
}

@TechReport{baerentzen2001implementation,
  author = {B{\ae}rentzen, Jakob Andreas},
  title  = {On the implementation of fast marching methods for 3D lattices},
  year   = {2001},
}

@Article{figueiredo2002unsupervised,
  author    = {Figueiredo, Mario AT and Jain, Anil K},
  title     = {Unsupervised learning of finite mixture models},
  journal   = {Pattern Analysis and Machine Intelligence, IEEE Transactions on},
  year      = {2002},
  volume    = {24},
  number    = {3},
  pages     = {381--396},
  publisher = {IEEE},
}

@Misc{franklin2006nearest,
  author = {Franklin, W Randolph},
  title  = {Nearest point query on 184,088,599 points in E3 with a uniform grid},
  year   = {2006},
}

@InCollection{kocsis2006bandit,
  author    = {Kocsis, Levente and Szepesv{\'a}ri, Csaba},
  title     = {Bandit based monte-carlo planning},
  booktitle = {Machine Learning: ECML 2006},
  publisher = {Springer},
  year      = {2006},
  pages     = {282--293},
}

@Article{clark2007particle,
  author    = {Clark, Daniel and Ruiz, Ioseba Tena and Petillot, Yvan and Bell, Jonathan},
  title     = {Particle PHD filter multiple target tracking in sonar image},
  journal   = {Aerospace and Electronic Systems, IEEE Transactions on},
  year      = {2007},
  volume    = {43},
  number    = {1},
  pages     = {409--416},
  publisher = {IEEE},
}

@Article{quan2015neurogps,
  author    = {Quan, Tingwei and Zhou, Hang and Li, Jing and Li, Shiwei and Li, Anan and Li, Yuxin and Lv, Xiaohua and Luo, Qingming and Gong, Hui and Zeng, Shaoqun},
  title     = {NeuroGPS-Tree: automatic reconstruction of large-scale neuronal populations with dense neurites},
  journal   = {Nature methods},
  year      = {2015},
  publisher = {Nature Publishing Group},
}

@Article{ozuysal2010fast,
  author    = {{\"O}zuysal, Mustafa and Calonder, Michael and Lepetit, Vincent and Fua, Pascal},
  title     = {Fast keypoint recognition using random ferns},
  journal   = {Pattern Analysis and Machine Intelligence, IEEE Transactions on},
  year      = {2010},
  volume    = {32},
  number    = {3},
  pages     = {448--461},
  publisher = {IEEE},
}

@InProceedings{mullane2008random,
  author       = {Mullane, John and Vo, Ba-Ngu and Adams, Martin D and Wijesoma, Wijerupage Sardha},
  title        = {A random set formulation for Bayesian SLAM},
  booktitle    = {Intelligent Robots and Systems, 2008. IROS 2008. IEEE/RSJ International Conference on},
  year         = {2008},
  pages        = {1043--1049},
  organization = {IEEE},
}

@InProceedings{battistelli2008traffic,
  author    = {Battistelli, G and Chisci, L and Morrocchi, S and Papi, F and Benavoli, A and Di Lallo, A and Farina, A and Graziano, A},
  title     = {Traffic intensity estimation via PHD filtering},
  booktitle = {Proc. 5th European Radar Conf., Amsterdam, The Netherlands},
  year      = {2008},
  pages     = {340--343},
}

@InCollection{khan2004mcmc,
  author    = {Khan, Zia and Balch, Tucker and Dellaert, Frank},
  title     = {An MCMC-based particle filter for tracking multiple interacting targets},
  booktitle = {Computer Vision-ECCV 2004},
  publisher = {Springer},
  year      = {2004},
  pages     = {279--290},
}

@Article{Dehmelt-2011,
  author     = {L. Dehmelt and G. Poplawski and E. Hwang and S. Halpain},
  title      = {{NeuriteQuant}: an open source toolkit for high content screens of neuronal morphogenesis},
  journal    = {BMC Neuroscience},
  year       = {2011},
  volume     = {12},
  pages      = {100},
  bdsk-url-1 = {http://dx.doi.org/10.1186/1471-2202-12-100},
  pmid       = {21989414},
}

@Article{koene2009netmorph,
  author        = {R. A. Koene and B. Tijms and P. {van Hees} and F. Postma and A. de Ridder and G. J. A. Ramakers and J. {van Pelt} and A. {van Ooyen}},
  title         = {{NETMORPH}: a framework for the stochastic generation of large scale neuronal networks with realistic neuron morphologies},
  journal       = {Neuroinformatics},
  year          = {2009},
  volume        = {7},
  number        = {3},
  pages         = {195-210},
  bdsk-url-1    = {http://dx.doi.org/10.1007/s12021-009-9052-3},
  date-modified = {2018-05-05 12:36:19 +0000},
}

@Article{Cesar-1999,
  author     = {R. M. {Cesar Jr.} and L. da Fontoura Costa},
  title      = {Computer-vision-based extraction of neural dendograms},
  journal    = {Journal of Neuroscience Methods},
  year       = {1999},
  volume     = {93},
  number     = {2},
  pages      = {121-131},
  bdsk-url-1 = {http://dx.doi.org/10.1016/S0165-0270(99)00120-X},
}

@Article{ming2013rapid,
  author = {Ming, Xing and Li, Anan and Wu, Jingpeng and Yan, Cheng and Ding, Wenxiang and Gong, Hui and Zeng, Shaoqun and Liu, Qian},
  title  = {Rapid reconstruction of 3D neuronal morphology from light microscopy images with augmented rayburst sampling},
  year   = {2013},
}

@Article{vo2006gaussian,
  author    = {Vo, Ba-Ngu and Ma, Wing-Kin},
  title     = {The Gaussian mixture probability hypothesis density filter},
  journal   = {Signal Processing, IEEE Transactions on},
  year      = {2006},
  volume    = {54},
  number    = {11},
  pages     = {4091--4104},
  publisher = {IEEE},
}

@Article{donner2013global,
  author    = {Donner, Ren{\'e} and Menze, Bjoern H and Bischof, Horst and Langs, Georg},
  title     = {Global localization of 3D anatomical structures by pre-filtered Hough Forests and discrete optimization},
  journal   = {Medical image analysis},
  year      = {2013},
  volume    = {17},
  number    = {8},
  pages     = {1304--1314},
  publisher = {Elsevier},
}

@Article{kreshuk2014automated,
  author    = {Kreshuk, Anna and Koethe, Ullrich and Pax, Elizabeth and Bock, Davi D and Hamprecht, Fred A},
  title     = {Automated detection of synapses in serial section transmission electron microscopy image stacks},
  journal   = {PloS one},
  year      = {2014},
  volume    = {9},
  number    = {2},
  pages     = {e87351},
  publisher = {Public Library of Science},
}

@InCollection{basu2013stochastic,
  author    = {Basu, Sreetama and Kulikova, Maria and Zhizhina, Elena and Ooi, Wei Tsang and Racoceanu, Daniel},
  title     = {A stochastic model for automatic extraction of 3d neuronal morphology},
  booktitle = {Medical Image Computing and Computer-Assisted Intervention--MICCAI 2013},
  publisher = {Springer},
  year      = {2013},
  pages     = {396--403},
}

@article{lou2014active,
	Author = {Lou, Xinghua and Schiegg, Martin and Hamprecht, Fred A},
	Journal = {Medical Imaging, IEEE Transactions on},
	Number = {4},
	Pages = {849--860},
	Publisher = {IEEE},
	Title = {Active structured learning for cell tracking: algorithm, framework, and usability},
	Volume = {33},
	Year = {2014}}

@article{vo2005sequential,
	Author = {Vo, Ba-Ngu and Singh, Sumeetpal and Doucet, Arnaud},
	Journal = {Aerospace and Electronic Systems, IEEE Transactions on},
	Number = {4},
	Pages = {1224--1245},
	Publisher = {IEEE},
	Title = {Sequential Monte Carlo methods for multitarget filtering with random finite sets},
	Volume = {41},
	Year = {2005}}

@inproceedings{ristic2010improved,
	Author = {Ristic, Branko and Clark, Daniel and Vo, Ba-Ngu},
	Booktitle = {Information Fusion (FUSION), 2010 13th Conference on},
	Organization = {IEEE},
	Pages = {1--8},
	Title = {Improved SMC implementation of the PHD filter},
	Year = {2010}}

@article{friman2010multiple,
	Author = {Friman, Ola and Hindennach, Milo and K{\"u}hnel, Caroline and Peitgen, Heinz-Otto},
	Journal = {Medical Image Analysis},
	Number = {2},
	Pages = {160--171},
	Publisher = {Elsevier},
	Title = {Multiple hypothesis template tracking of small 3D vessel structures},
	Volume = {14},
	Year = {2010}}

@article{xiao2013app2,
	Author = {Xiao, Hang and Peng, Hanchuan},
	Journal = {Bioinformatics},
	Number = {11},
	Pages = {1448--1454},
	Publisher = {Oxford Univ Press},
	Title = {APP2: automatic tracing of 3D neuron morphology based on hierarchical pruning of a gray-weighted image distance-tree},
	Volume = {29},
	Year = {2013}}

@article{peng2015diadem,
	Author = {Peng, Hanchuan and Meijering, Erik and Ascoli, Giorgio A},
	Journal = {Neuroinformatics},
	Pages = {1--2},
	Publisher = {Springer},
	Title = {From DIADEM to BigNeuron},
	Year = {2015}}

@inproceedings{juang2009tracking,
	Author = {Juang, Radford Ray and Levchenko, Andre and Burlina, Philippe},
	Booktitle = {Biomedical Imaging: From Nano to Macro, 2009. ISBI'09. IEEE International Symposium on},
	Organization = {IEEE},
	Pages = {1154--1157},
	Title = {Tracking cell motion using GM-PHD},
	Year = {2009}}

@article{maggio2008efficient,
	Author = {Maggio, Emilio and Taj, Murtaza and Cavallaro, Andrea},
	Journal = {Circuits and Systems for Video Technology, IEEE Transactions on},
	Number = {8},
	Pages = {1016--1027},
	Publisher = {IEEE},
	Title = {Efficient multitarget visual tracking using random finite sets},
	Volume = {18},
	Year = {2008}}

@inproceedings{pham2007tracking,
	Author = {Pham, Nam Trung and Huang, Weimin and Ong, Sim Heng},
	Booktitle = {Multimedia and Expo, 2007 IEEE International Conference on},
	Organization = {IEEE},
	Pages = {1511--1514},
	Title = {Tracking multiple objects using probability hypothesis density filter and color measurements},
	Year = {2007}}

@book{mahler2007statistical,
	Author = {Mahler, Ronald PS},
	Publisher = {Artech House, Inc.},
	Title = {Statistical multisource-multitarget information fusion},
	Year = {2007}}

@inproceedings{glass2012mimo,
	Author = {Glass, John D and Lanterman, Aaron D},
	Booktitle = {Aerospace Conference, 2012 IEEE},
	Organization = {IEEE},
	Pages = {1--8},
	Title = {MIMO radar target tracking using the probability hypothesis density filter},
	Year = {2012}}

@inproceedings{clark2005phd,
	Author = {Clark, Daniel Edward and Bell, Judith and de Saint-Pern, Yves and Petillot, Yvan},
	Booktitle = {Oceans 2005-Europe},
	Organization = {IEEE},
	Pages = {265--270},
	Title = {PHD filter multi-target tracking in 3D sonar},
	Volume = {1},
	Year = {2005}}

@article{meijering2010neuron,
	Author = {Meijering, Erik},
	Journal = {Cytometry Part A},
	Number = {7},
	Pages = {693--704},
	Publisher = {Wiley Online Library},
	Title = {Neuron tracing in perspective},
	Volume = {77},
	Year = {2010}}

@article{donohue2011automated,
	Author = {Donohue, Duncan E and Ascoli, Giorgio A},
	Journal = {Brain research reviews},
	Number = {1},
	Pages = {94--102},
	Publisher = {Elsevier},
	Title = {Automated reconstruction of neuronal morphology: an overview},
	Volume = {67},
	Year = {2011}}

@article{gillette2011diademchallenge,
	Author = {Gillette, Todd A and Brown, Kerry M and Svoboda, Karel and Liu, Yuan and Ascoli, Giorgio A},
	Journal = {Neuroinformatics},
	Number = {2},
	Pages = {303--304},
	Publisher = {Springer},
	Title = {DIADEMchallenge. Org: a compendium of resources fostering the continuous development of automated neuronal reconstruction},
	Volume = {9},
	Year = {2011}}

@inproceedings{sato19973d,
	Author = {Sato, Yoshinobu and Nakajima, Shin and Atsumi, Hideki and Koller, Thomas and Gerig, Guido and Yoshida, Shigeyuki and Kikinis, Ron},
	Booktitle = {CVRMed-MRCAS'97},
	Organization = {Springer},
	Pages = {213--222},
	Title = {3D multi-scale line filter for segmentation and visualization of curvilinear structures in medical images},
	Year = {1997}}

@book{goodman2013mathematics,
	Author = {Goodman, Irwin R and Mahler, Ronald P and Nguyen, Hung T},
	Publisher = {Springer Science \& Business Media},
	Title = {Mathematics of data fusion},
	Volume = {37},
	Year = {2013}}

@article{brown2011diadem,
	Author = {Brown, Kerry M and Barrionuevo, Germ{\'a}n and Canty, Alison J and De Paola, Vincenzo and Hirsch, Judith A and Jefferis, Gregory SXE and Lu, Ju and Snippe, Marjolein and Sugihara, Izumi and Ascoli, Giorgio A},
	Journal = {Neuroinformatics},
	Number = {2-3},
	Pages = {143--157},
	Publisher = {Springer},
	Title = {The DIADEM data sets: representative light microscopy images of neuronal morphology to advance automation of digital reconstructions},
	Volume = {9},
	Year = {2011}}

@InProceedings{turetken2012automated,
  author       = {Turetken, E and Benmansour, Fethallah and Fua, Pascal},
  title        = {Automated reconstruction of tree structures using path classifiers and mixed integer programming},
  booktitle    = {Computer Vision and Pattern Recognition (CVPR), 2012 IEEE Conference on},
  year         = {2012},
  pages        = {566--573},
  organization = {IEEE},
}

@Article{gala2014active,
  author    = {Gala, Rohan and Chapeton, Julio and Jitesh, Jayant and Bhavsar, Chintan and Stepanyants, Armen},
  title     = {Active learning of neuron morphology for accurate automated tracing of neurites},
  journal   = {Frontiers in neuroanatomy},
  year      = {2014},
  volume    = {8},
  publisher = {Frontiers Media SA},
}

@article{arulampalam2002tutorial,
	Author = {Arulampalam, M Sanjeev and Maskell, Simon and Gordon, Neil and Clapp, Tim},
	Journal = {Signal Processing, IEEE Transactions on},
	Number = {2},
	Pages = {174--188},
	Publisher = {IEEE},
	Title = {A tutorial on particle filters for online nonlinear/non-Gaussian Bayesian tracking},
	Volume = {50},
	Year = {2002}}

@book{bar2004estimation,
	Author = {Bar-Shalom, Yaakov and Li, X Rong and Kirubarajan, Thiagalingam},
	Publisher = {John Wiley \& Sons},
	Title = {Estimation with applications to tracking and navigation: theory algorithms and software},
	Year = {2004}}

@misc{bain2009fundamentals,
	Author = {Bain, Alan and Crisan, Dan},
	Publisher = {Springer},
	Title = {Fundamentals of stochastic filtering, Stochastic modelling and applied probability, vol. 60},
	Year = {2009}}

@inproceedings{radojevic2015automated,
	Author = {Radojevi{\'c}, Miroslav and Smal, Ihor and Meijering, Erik},
	Booktitle = {Biomedical Imaging (ISBI), 2015 IEEE 12th International Symposium on},
	Organization = {IEEE},
	Pages = {885--888},
	Title = {Automated neuron morphology reconstruction using fuzzy-logic detection and Bayesian tracing algorithms},
	Year = {2015}}

@article{yin2012retinal,
	Author = {Yin, Yi and Adel, Mouloud and Bourennane, Salah},
	Journal = {Pattern Recognition},
	Number = {4},
	Pages = {1235--1244},
	Publisher = {Elsevier},
	Title = {Retinal vessel segmentation using a probabilistic tracking method},
	Volume = {45},
	Year = {2012}}

@article{wang2011broadly,
	Author = {Wang, Yu and Narayanaswamy, Arunachalam and Tsai, Chia-Ling and Roysam, Badrinath},
	Journal = {Neuroinformatics},
	Number = {2-3},
	Pages = {193--217},
	Publisher = {Springer},
	Title = {A broadly applicable 3-D neuron tracing method based on open-curve snake},
	Volume = {9},
	Year = {2011}}

@Article{chothani2011automated,
  author    = {Chothani, Paarth and Mehta, Vivek and Stepanyants, Armen},
  title     = {Automated tracing of neurites from light microscopy stacks of images},
  journal   = {Neuroinformatics},
  year      = {2011},
  volume    = {9},
  number    = {2-3},
  pages     = {263--278},
  publisher = {Springer},
}

@Article{zhao2011automated,
  author    = {Zhao, Ting and Xie, Jun and Amat, Fernando and Clack, Nathan and Ahammad, Parvez and Peng, Hanchuan and Long, Fuhui and Myers, Eugene},
  title     = {Automated reconstruction of neuronal morphology based on local geometrical and global structural models},
  journal   = {Neuroinformatics},
  year      = {2011},
  volume    = {9},
  number    = {2-3},
  pages     = {247--261},
  publisher = {Springer},
}

@Article{turetken2011automated,
  author    = {T{\"u}retken, Engin and Gonz{\'a}lez, Germ{\'a}n and Blum, Christian and Fua, Pascal},
  title     = {Automated reconstruction of dendritic and axonal trees by global optimization with geometric priors},
  journal   = {Neuroinformatics},
  year      = {2011},
  volume    = {9},
  number    = {2-3},
  pages     = {279--302},
  publisher = {Springer},
}

@InProceedings{zajic2003particle,
  author       = {Zajic, Tim and Mahler, Ronald PS},
  title        = {Particle-systems implementation of the PHD multitarget-tracking filter},
  booktitle    = {AeroSense 2003},
  year         = {2003},
  pages        = {291--299},
  organization = {International Society for Optics and Photonics},
}

@article{bar1995multitarget,
	Author = {Bar-Shalom, Yaakov and Li, Xiao-Rong},
	Journal = {Storrs, CT: University of Connecticut, 1995.},
	Title = {Multitarget-multisensor tracking: principles and techniques},
	Year = {1995}}

@book{ristic2004beyond,
	Author = {Ristic, Branko and Arulampalam, Sanjeev and Gordon, Neil James},
	Publisher = {Artech house},
	Title = {Beyond the Kalman filter: Particle filters for tracking applications},
	Year = {2004}}

@Article{quan2013neurogps,
  author    = {Quan, Tingwei and Zheng, Ting and Yang, Zhongqing and Ding, Wenxiang and Li, Shiwei and Li, Jing and Zhou, Hang and Luo, Qingming and Gong, Hui and Zeng, Shaoqun},
  title     = {NeuroGPS: automated localization of neurons for brain circuits using L1 minimization model},
  journal   = {Scientific reports},
  year      = {2013},
  volume    = {3},
  publisher = {Nature Publishing Group},
}

@book{mahler2000introduction,
	Author = {Mahler, Ronald},
	Publisher = {Lockheed Martin},
	Title = {An introduction to multisource-multitarget statistics and applications},
	Year = {2000}}

@Article{doucet2000sequential,
  author    = {Doucet, Arnaud and Godsill, Simon and Andrieu, Christophe},
  title     = {On sequential Monte Carlo sampling methods for Bayesian filtering},
  journal   = {Statistics and computing},
  year      = {2000},
  volume    = {10},
  number    = {3},
  pages     = {197--208},
  publisher = {Springer},
}

@book{daley2007introduction,
	Author = {Daley, Daryl J and Vere-Jones, David},
	Publisher = {Springer Science \& Business Media},
	Title = {An introduction to the theory of point processes: volume II: general theory and structure},
	Year = {2007}}

@InProceedings{tobias2005probability,
  author       = {Tobias, Martin and Lanterman, Aaron D},
  title        = {Probability hypothesis density-based multitarget tracking with bistatic range and Doppler observations},
  booktitle    = {Radar, Sonar and Navigation, IEE Proceedings-},
  year         = {2005},
  volume       = {152},
  number       = {3},
  pages        = {195--205},
  organization = {IET},
}

@Article{kitagawa1996monte,
  author    = {Kitagawa, Genshiro},
  title     = {Monte Carlo filter and smoother for non-Gaussian nonlinear state space models},
  journal   = {Journal of computational and graphical statistics},
  year      = {1996},
  volume    = {5},
  number    = {1},
  pages     = {1--25},
  publisher = {Taylor \& Francis},
}

@Article{peng2010v3d,
  author    = {Peng, Hanchuan and Ruan, Zongcai and Long, Fuhui and Simpson, Julie H and Myers, Eugene W},
  title     = {V3D enables real-time 3D visualization and quantitative analysis of large-scale biological image data sets},
  journal   = {Nature biotechnology},
  year      = {2010},
  volume    = {28},
  number    = {4},
  pages     = {348--353},
  publisher = {Nature Publishing Group},
}

@book{ascoli2002computational,
	Author = {Ascoli, Giorgio A},
	Publisher = {Springer Science \& Business Media},
	Title = {Computational neuroanatomy: Principles and methods},
	Year = {2002}}

@Article{ascoli2007neuromorpho,
  author    = {Ascoli, Giorgio A and Donohue, Duncan E and Halavi, Maryam},
  title     = {NeuroMorpho. Org: a central resource for neuronal morphologies},
  journal   = {The Journal of Neuroscience},
  year      = {2007},
  volume    = {27},
  number    = {35},
  pages     = {9247--9251},
  publisher = {Soc Neuroscience},
}

@Article{svoboda2011past,
  author    = {Svoboda, Karel},
  title     = {The past, present, and future of single neuron reconstruction},
  journal   = {Neuroinformatics},
  year      = {2011},
  volume    = {9},
  number    = {2-3},
  pages     = {97},
  publisher = {Springer Science \& Business Media},
}

@InProceedings{basu2010tree2tree,
  author       = {Basu, Saurav and Aksel, Alla and Condron, Barry and Acton, Scott T},
  title        = {Tree2Tree: Neuron segmentation for generation of neuronal morphology},
  booktitle    = {Biomedical Imaging: From Nano to Macro, 2010 IEEE International Symposium on},
  year         = {2010},
  pages        = {548--551},
  organization = {IEEE},
}

@InProceedings{mukherjee2013vector,
  author       = {Mukherjee, Sayan and Acton, Scott T},
  title        = {Vector field convolution medialness applied to neuron tracing},
  booktitle    = {Image Processing (ICIP), 2013 20th IEEE International Conference on},
  year         = {2013},
  pages        = {665--669},
  organization = {IEEE},
}

@Article{yang2013distance,
  author     = {Yang, Jinzhu and Gonzalez-Bellido, Paloma T. and Peng, Hanchuan},
  title      = {A distance-field based automatic neuron tracing method},
  journal    = {BMC Bioinformatics},
  year       = {2013},
  volume     = {14},
  number     = {1},
  pages      = {93},
  issn       = {1471-2105},
  abstract   = {Automatic 3D digital reconstruction (tracing) of neurons embedded in noisy microscopic images is challenging, especially when the cell morphology is complex.},
  bdsk-url-1 = {http://dx.doi.org/10.1186/1471-2105-14-93},
}

@Article{peng2010automatic,
  author    = {Peng, Hanchuan and Ruan, Zongcai and Atasoy, Deniz and Sternson, Scott},
  title     = {Automatic reconstruction of 3D neuron structures using a graph-augmented deformable model},
  journal   = {Bioinformatics},
  year      = {2010},
  volume    = {26},
  number    = {12},
  pages     = {i38--i46},
  publisher = {Oxford Univ Press},
}

@article{basu2016neurite,
	Author = {Basu, Sreetama and Ooi, Wei Tsang and Racoceanu, Daniel},
	Journal = {IEEE transactions on medical imaging},
	Number = {6},
	Pages = {1443--1451},
	Publisher = {IEEE},
	Title = {Neurite tracing with object process},
	Volume = {35},
	Year = {2016}}

@article{magnusson2015global,
	Author = {Magnusson, Klas EG and Jald{\'e}n, Joakim and Gilbert, Penney M and Blau, Helen M},
	Journal = {Medical Imaging, IEEE Transactions on},
	Number = {4},
	Pages = {911--929},
	Publisher = {IEEE},
	Title = {Global linking of cell tracks using the viterbi algorithm},
	Volume = {34},
	Year = {2015}}

@inproceedings{sajn20143d,
	Author = {\v{S}ajn, Luka and Radojevic, Miroslav and Dobravec, Toma\v{z}},
	Booktitle = {Information and Communication Technology, Electronics and Microelectronics (MIPRO), 2014 37th International Convention on},
	Organization = {IEEE},
	Pages = {411--416},
	Title = {3D volume localization using miniatures},
	Year = {2014}}

@Article{liu2016rivulet,
  author    = {Liu, Siqi and Zhang, Donghao and Liu, Sidong and Feng, Dagan and Peng, Hanchuan and Cai, Weidong},
  title     = {Rivulet: 3D Neuron Morphology Tracing with Iterative Back-Tracking},
  journal   = {Neuroinformatics},
  year      = {2016},
  pages     = {1--15},
  publisher = {Springer},
}

@InProceedings{acciai2016automatic,
  author       = {Acciai, Ludovica and Soda, Paolo and Iannello, Giulio},
  title        = {Automatic neuron tracing using a locally tunable approach},
  booktitle    = {Computer-Based Medical Systems (CBMS), 2016 IEEE 29th International Symposium on},
  year         = {2016},
  pages        = {130--135},
  organization = {IEEE},
}

@Article{sironi2016multiscale,
  author    = {Sironi, Amos and T{\"u}retken, Engin and Lepetit, Vincent and Fua, Pascal},
  title     = {Multiscale Centerline Detection},
  journal   = {IEEE Transactions on Pattern Analysis and Machine Intelligence},
  year      = {2016},
  volume    = {38},
  number    = {7},
  pages     = {1327--1341},
  publisher = {IEEE},
}

@Article{fischler1981random,
  author    = {Fischler, Martin A and Bolles, Robert C},
  title     = {Random sample consensus: a paradigm for model fitting with applications to image analysis and automated cartography},
  journal   = {Communications of the ACM},
  year      = {1981},
  volume    = {24},
  number    = {6},
  pages     = {381--395},
  publisher = {ACM},
}

@Article{acciai2016automated,
  author    = {Acciai, Ludovica and Soda, Paolo and Iannello, Giulio},
  title     = {Automated Neuron Tracing Methods: An Updated Account},
  journal   = {Neuroinformatics},
  year      = {2016},
  volume    = {14},
  number    = {4},
  pages     = {353--367},
  publisher = {Springer},
}

@InProceedings{lampert2009detecting,
  author       = {Lampert, Christoph H},
  title        = {Detecting objects in large image collections and videos by efficient subimage retrieval},
  booktitle    = {2009 IEEE 12th International Conference on Computer Vision},
  year         = {2009},
  pages        = {987--994},
  organization = {IEEE},
}

@Article{chaumette2004image,
  author    = {Chaumette, Fran{\c{c}}ois},
  title     = {Image moments: a general and useful set of features for visual servoing},
  journal   = {IEEE Transactions on Robotics},
  year      = {2004},
  volume    = {20},
  number    = {4},
  pages     = {713--723},
  publisher = {IEEE},
}

@InProceedings{giordano20083d,
  author       = {Giordano, Paolo Robuffo and De Luca, Alessandro and Oriolo, Giuseppe},
  title        = {3D structure identification from image moments},
  booktitle    = {Robotics and Automation, 2008. ICRA 2008. IEEE International Conference on},
  year         = {2008},
  pages        = {93--100},
  organization = {IEEE},
}

@Article{sadjadi1980three,
  author    = {Sadjadi, Firooz A and Hall, Ernest L},
  title     = {Three-dimensional moment invariants},
  journal   = {IEEE Transactions on Pattern Analysis and Machine Intelligence},
  year      = {1980},
  number    = {2},
  pages     = {127--136},
  publisher = {IEEE},
}

@InProceedings{zivkovic2004improved,
  author       = {Zivkovic, Zoran},
  title        = {Improved adaptive Gaussian mixture model for background subtraction},
  booktitle    = {Pattern Recognition, 2004. ICPR 2004. Proceedings of the 17th International Conference on},
  year         = {2004},
  volume       = {2},
  pages        = {28--31},
  organization = {IEEE},
}

@Article{browne2012survey,
  author    = {Browne, Cameron B and Powley, Edward and Whitehouse, Daniel and Lucas, Simon M and Cowling, Peter I and Rohlfshagen, Philipp and Tavener, Stephen and Perez, Diego and Samothrakis, Spyridon and Colton, Simon},
  title     = {A survey of monte carlo tree search methods},
  journal   = {IEEE Transactions on Computational Intelligence and AI in Games},
  year      = {2012},
  volume    = {4},
  number    = {1},
  pages     = {1--43},
  publisher = {IEEE},
}

@Article{schlangen2016marker,
  author    = {Schlangen, Isabel and Franco, Jos{\'e} and Houssineau, J{\'e}r{\'e}mie and Pitkeathly, William TE and Clark, Daniel and Smal, Ihor and Rickman, Colin},
  title     = {Marker-Less Stage Drift Correction in Super-Resolution Microscopy Using the Single-Cluster PHD Filter},
  journal   = {IEEE Journal of Selected Topics in Signal Processing},
  year      = {2016},
  volume    = {10},
  number    = {1},
  pages     = {193--202},
  publisher = {IEEE},
}

@InProceedings{lazebnik2006beyond,
  author       = {Lazebnik, Svetlana and Schmid, Cordelia and Ponce, Jean},
  title        = {Beyond bags of features: Spatial pyramid matching for recognizing natural scene categories},
  booktitle    = {2006 IEEE Computer Society Conference on Computer Vision and Pattern Recognition (CVPR'06)},
  year         = {2006},
  volume       = {2},
  pages        = {2169--2178},
  organization = {IEEE},
}

@Article{kong1994sequential,
  author    = {Kong, Augustine and Liu, Jun S and Wong, Wing Hung},
  title     = {Sequential imputations and Bayesian missing data problems},
  journal   = {Journal of the American statistical association},
  year      = {1994},
  volume    = {89},
  number    = {425},
  pages     = {278--288},
  publisher = {Taylor \& Francis},
}

@inproceedings{wan2016automatic,
	Author = {Wan, Zhijiang and He, Yishan and Hao, Ming and Yang, Jian and Zhong, Ning},
	Booktitle = {International Conference on Brain and Health Informatics},
	Organization = {Springer},
	Pages = {34--41},
	Title = {An Automatic Neuron Tracing Method Based on Mean Shift and Minimum Spanning Tree},
	Year = {2016}}

@article{kayasandik2016improved,
	Author = {Kayasandik, Cihan Bilge and Labate, Demetrio},
	Journal = {Journal of Neuroscience Methods},
	Publisher = {Elsevier},
	Title = {Improved detection of soma location and morphology in fluorescence microscopy images of neurons},
	Year = {2016}}

@inproceedings{kirshner2007learning,
	Author = {Kirshner, Sergey},
	Booktitle = {NIPS},
	Pages = {761--768},
	Title = {Learning with Tree-Averaged Densities and Distributions.},
	Year = {2007}}

@article{wu2010automatic,
	Author = {Wu, Chaohong and Schulte, Joost and Sepp, Katharine J and Littleton, J Troy and Hong, Pengyu},
	Journal = {Neuroinformatics},
	Number = {2},
	Pages = {83--100},
	Publisher = {Springer},
	Title = {Automatic robust neurite detection and morphological analysis of neuronal cell cultures in high-content screening},
	Volume = {8},
	Year = {2010}}

@inproceedings{hagenauer1989viterbi,
	Author = {Hagenauer, Joachim and Hoeher, Peter},
	Booktitle = {Global Telecommunications Conference and Exhibition'Communications Technology for the 1990s and Beyond'(GLOBECOM), 1989. IEEE},
	Organization = {IEEE},
	Pages = {1680--1686},
	Title = {A Viterbi algorithm with soft-decision outputs and its applications},
	Year = {1989}}

@Article{arganda2015crowdsourcing,
  author    = {Arganda-Carreras, Ignacio and Turaga, Srinivas C and Berger, Daniel R and Cire{\c{s}}an, Dan and Giusti, Alessandro and Gambardella, Luca M and Schmidhuber, J{\"u}rgen and Laptev, Dmitry and Dwivedi, Sarvesh and Buhmann, Joachim M and others},
  title     = {Crowdsourcing the creation of image segmentation algorithms for connectomics},
  journal   = {Frontiers in neuroanatomy},
  year      = {2015},
  volume    = {9},
  publisher = {Frontiers Media SA},
}

@TechReport{turetken2016reconstructing,
  author      = {T{\"u}retken, Engin and Benmansour, Fethallah and Andres, Bjoern and Glowacki, Przemyslaw Rafal and Pfister, Hanspeter and Fua, Pascal},
  title       = {Reconstructing Curvilinear Networks using Path Classifiers and Integer Programming},
  institution = {Institute of Electrical and Electronics Engineers},
  year        = {2016},
}

@Article{fakhry2016deep,
  author    = {Fakhry, Ahmed and Peng, Hanchuan and Ji, Shuiwang},
  title     = {Deep models for brain EM image segmentation: novel insights and improved performance},
  journal   = {Bioinformatics},
  year      = {2016},
  pages     = {btw165},
  publisher = {Oxford Univ Press},
}

@InProceedings{he2015delving,
  author    = {He, Kaiming and Zhang, Xiangyu and Ren, Shaoqing and Sun, Jian},
  title     = {Delving deep into rectifiers: Surpassing human-level performance on imagenet classification},
  booktitle = {Proceedings of the IEEE International Conference on Computer Vision},
  year      = {2015},
  pages     = {1026--1034},
}

@Article{dumoulin2016guide,
  author  = {Dumoulin, Vincent and Visin, Francesco},
  title   = {A guide to convolution arithmetic for deep learning},
  journal = {arXiv preprint arXiv:1603.07285},
  year    = {2016},
}

@Article{huang2016deep,
  author  = {Huang, Gao and Sun, Yu and Liu, Zhuang and Sedra, Daniel and Weinberger, Kilian},
  title   = {Deep networks with stochastic depth},
  journal = {arXiv preprint arXiv:1603.09382},
  year    = {2016},
}

@Article{goodfellow2013multi,
  author  = {Goodfellow, Ian J and Bulatov, Yaroslav and Ibarz, Julian and Arnoud, Sacha and Shet, Vinay},
  title   = {Multi-digit number recognition from street view imagery using deep convolutional neural networks},
  journal = {arXiv preprint arXiv:1312.6082},
  year    = {2013},
}

@Article{benedictus2016fewer,
  author  = {Benedictus, R and Miedema, F and Ferguson, MW},
  title   = {Fewer numbers, better science.},
  journal = {Nature},
  year    = {2016},
  volume  = {538},
  number  = {7626},
  pages   = {453},
}

@InProceedings{davis2006relationship,
  author       = {Davis, Jesse and Goadrich, Mark},
  title        = {The relationship between Precision-Recall and ROC curves},
  booktitle    = {Proceedings of the 23rd international conference on Machine learning},
  year         = {2006},
  pages        = {233--240},
  organization = {ACM},
}

@InProceedings{krizhevsky2012imagenet,
  author    = {Krizhevsky, Alex and Sutskever, Ilya and Hinton, Geoffrey E},
  title     = {Imagenet classification with deep convolutional neural networks},
  booktitle = {Advances in neural information processing systems},
  year      = {2012},
  pages     = {1097--1105},
}

@InProceedings{erhan2014scalable,
  author    = {Erhan, Dumitru and Szegedy, Christian and Toshev, Alexander and Anguelov, Dragomir},
  title     = {Scalable object detection using deep neural networks},
  booktitle = {Proceedings of the IEEE Conference on Computer Vision and Pattern Recognition},
  year      = {2014},
  pages     = {2147--2154},
}

@InProceedings{ciresan2012deep,
  author    = {Ciresan, Dan and Giusti, Alessandro and Gambardella, Luca M and Schmidhuber, J{\"u}rgen},
  title     = {Deep neural networks segment neuronal membranes in electron microscopy images},
  booktitle = {Advances in neural information processing systems},
  year      = {2012},
  pages     = {2843--2851},
}

@InProceedings{ciresan2012multi,
  author       = {Ciregan, Dan and Meier, Ueli and Schmidhuber, J{\"u}rgen},
  title        = {Multi-column deep neural networks for image classification},
  booktitle    = {Computer Vision and Pattern Recognition (CVPR), 2012 IEEE Conference on},
  year         = {2012},
  pages        = {3642--3649},
  organization = {IEEE},
}

@article{stockley1993system,
	Author = {Stockley, EW and Cole, HM and Brown, AD and Wheal, HV},
	Journal = {Journal of neuroscience methods},
	Number = {1},
	Pages = {39--51},
	Publisher = {Elsevier},
	Title = {A system for quantitative morphological measurement and electrotonic modelling of neurons: three-dimensional reconstruction},
	Volume = {47},
	Year = {1993}}

@article{chaumette2006visual,
	Author = {Chaumette, Fran{\c{c}}ois and Hutchinson, Seth},
	Journal = {IEEE Robotics \& Automation Magazine},
	Number = {4},
	Pages = {82--90},
	Publisher = {IEEE},
	Title = {Visual servo control. I. Basic approaches},
	Volume = {13},
	Year = {2006}}

@article{herculano2009human,
	Author = {Herculano-Houzel, Suzana},
	Journal = {Frontiers in human neuroscience},
	Pages = {31},
	Publisher = {Frontiers},
	Title = {The human brain in numbers: a linearly scaled-up primate brain},
	Volume = {3},
	Year = {2009}}

@Book{swanson2017,
  title      = {Beautiful Brain: The Drawings of Santiago Ramon y Cajal},
  publisher  = {Harry N. Abrams},
  year       = {2017},
  author     = {Larry W. Swanson and Eric Newman and Alfonso Araque and Janet M. Dubinsky},
  isbn       = {1-4197-2227-1},
  bdsk-url-1 = {https://www.amazon.com/Beautiful-Brain-Drawings-Santiago-Ramon/dp/1419722271?SubscriptionId=0JYN1NVW651KCA56C102&tag=techkie-20&linkCode=xm2&camp=2025&creative=165953&creativeASIN=1419722271},
}

@article{ulman2017objective,
	Author = {Ulman, Vladim{\'\i}r and Ma{\v{s}}ka, Martin and Magnusson, Klas EG and Ronneberger, Olaf and Haubold, Carsten and Harder, Nathalie and Matula, Pavel and Matula, Petr and Svoboda, David and Radojevic, Miroslav and others},
	Journal = {Nature methods},
	Number = {12},
	Pages = {1141},
	Publisher = {Nature Publishing Group},
	Title = {An objective comparison of cell-tracking algorithms},
	Volume = {14},
	Year = {2017}}

@article{cyranoski2011education,
	Author = {Cyranoski, David and Gilbert, Natasha and Ledford, Heidi and Nayar, Anjali and Yahia, Mohammed},
	Journal = {Nature news},
	Number = {7343},
	Pages = {276--279},
	Publisher = {Nature Publishing Group},
	Title = {Education: the PhD factory},
	Volume = {472},
	Year = {2011}}

@article{montemanni2004branch,
	Author = {Montemanni, Roberto and Gambardella, Luca Maria and Donati, Alberto V},
	Journal = {Operations Research Letters},
	Number = {3},
	Pages = {225--232},
	Publisher = {Elsevier},
	Title = {A branch and bound algorithm for the robust shortest path problem with interval data},
	Volume = {32},
	Year = {2004}}

@inproceedings{pavlovic2000dynamic,
	Author = {Pavlovi{\'c}, Vladimir and Rehg, James M and Cham, Tat-Jen},
	Booktitle = {International Workshop on Hybrid Systems: Computation and Control},
	Organization = {Springer},
	Pages = {366--380},
	Title = {A dynamic bayesian network approach to tracking using learned switching dynamic models},
	Year = {2000}}

@article{thompson1984reflections,
	Author = {Thompson, Ken},
	Journal = {Communications of the ACM},
	Number = {8},
	Pages = {761--763},
	Publisher = {ACM},
	Title = {Reflections on trusting trust},
	Volume = {27},
	Year = {1984}}

@article{donohue2008comparative,
	Author = {Donohue, Duncan E and Ascoli, Giorgio A},
	Journal = {PLoS computational biology},
	Number = {6},
	Pages = {e1000089},
	Publisher = {Public Library of Science},
	Title = {A comparative computer simulation of dendritic morphology},
	Volume = {4},
	Year = {2008}}

@article{anderton1998dendritic,
	Author = {Anderton, Brian H and Callahan, Linda and Coleman, Paul and Davies, Peter and Flood, Dorothy and Jicha, Gregory A and Ohm, Thomas and Weaver, Charles},
	Journal = {Progress in neurobiology},
	Number = {6},
	Pages = {595--609},
	Publisher = {Elsevier},
	Title = {Dendritic changes in Alzheimer's disease and factors that may underlie these changes},
	Volume = {55},
	Year = {1998}}

@article{vsivskova2014dendritic,
	Author = {{\v{S}}i{\v{s}}kov{\'a}, Zuzana and Justus, Daniel and Kaneko, Hiroshi and Friedrichs, Detlef and Henneberg, Niklas and Beutel, Tatjana and Pitsch, Julika and Schoch, Susanne and Becker, Albert and von der Kammer, Heinz and others},
	Journal = {Neuron},
	Number = {5},
	Pages = {1023--1033},
	Publisher = {Elsevier},
	Title = {Dendritic structural degeneration is functionally linked to cellular hyperexcitability in a mouse model of Alzheimer's disease},
	Volume = {84},
	Year = {2014}}

@article{bevilacqua2004retina,
	Author = {Bevilacqua, Vitoantonio and Mastronardi, Giuseppe and Colaninno, Andrea and D'Addabbo, Annarita},
	Journal = {Advances in Computer Science and Technology ACST},
	Title = {Retina images processing using genetic algorithm and maximum likelihood method},
	Volume = {431},
	Year = {2004}}

@article{senft2011brief,
	Author = {Senft, Stephen L},
	Journal = {Neuroinformatics},
	Number = {2-3},
	Pages = {119--128},
	Publisher = {Springer},
	Title = {A brief history of neuronal reconstruction},
	Volume = {9},
	Year = {2011}}

@Article{schneider2012nih,
  author    = {Schneider, Caroline A and Rasband, Wayne S and Eliceiri, Kevin W},
  title     = {NIH Image to ImageJ: 25 years of image analysis},
  journal   = {Nature methods},
  year      = {2012},
  volume    = {9},
  number    = {7},
  pages     = {671},
  publisher = {Nature Publishing Group},
}

@Article{powers2011evaluation,
  author    = {Powers, David Martin},
  title     = {Evaluation: from precision, recall and F-measure to ROC, informedness, markedness and correlation},
  year      = {2011},
  publisher = {Bioinfo Publications},
}

@Article{lu2015quantitative,
  author    = {Lu, Yanbin and Carin, Lawrence and Coifman, Ronald and Shain, William and Roysam, Badrinath},
  title     = {Quantitative arbor analytics: unsupervised harmonic co-clustering of populations of brain cell arbors based on L-measure},
  journal   = {Neuroinformatics},
  year      = {2015},
  volume    = {13},
  number    = {1},
  pages     = {47--63},
  publisher = {Springer},
}

@Article{wearne2005new,
  author    = {Wearne, SL and Rodriguez, A and Ehlenberger, DB and Rocher, AB and Henderson, SC and Hof, PR},
  title     = {New techniques for imaging, digitization and analysis of three-dimensional neural morphology on multiple scales},
  journal   = {Neuroscience},
  year      = {2005},
  volume    = {136},
  number    = {3},
  pages     = {661--680},
  publisher = {Elsevier},
}

@Article{de2016graph,
  author    = {De, Jaydeep and Cheng, Li and Zhang, Xiaowei and Lin, Feng and Li, Huiqi and Ong, Kok Haur and Yu, Weimiao and Yu, Yuanhong and Ahmed, Sohail},
  title     = {A graph-theoretical approach for tracing filamentary structures in neuronal and retinal images},
  journal   = {IEEE transactions on medical imaging},
  year      = {2016},
  volume    = {35},
  number    = {1},
  pages     = {257--272},
  publisher = {IEEE},
}

@Article{jimenez2015improved,
  author    = {Jim{\'e}nez, David and Labate, Demetrio and Kakadiaris, Ioannis A and Papadakis, Manos},
  title     = {Improved automatic centerline tracing for dendritic and axonal structures},
  journal   = {Neuroinformatics},
  year      = {2015},
  volume    = {13},
  number    = {2},
  pages     = {227--244},
  publisher = {Springer},
}

@Article{cai2006repulsive,
  author    = {Cai, Hongmin and Xu, Xiaoyin and Lu, Ju and Lichtman, Jeff W and Yung, SP and Wong, Stephen TC},
  title     = {Repulsive force based snake model to segment and track neuronal axons in 3D microscopy image stacks},
  journal   = {NeuroImage},
  year      = {2006},
  volume    = {32},
  number    = {4},
  pages     = {1608--1620},
  publisher = {Elsevier},
}

@Article{luo2015neuron,
  author    = {Luo, Gongning and Sui, Dong and Wang, Kuanquan and Chae, Jinseok},
  title     = {Neuron anatomy structure reconstruction based on a sliding filter},
  journal   = {BMC bioinformatics},
  year      = {2015},
  volume    = {16},
  number    = {1},
  pages     = {342},
  publisher = {BioMed Central},
}

@Comment{jabref-meta: databaseType:bibtex;}
