% Encoding: UTF-8
@article{10.2307/3001968,
 ISSN = {00994987},
 URL = {http://www.jstor.org/stable/3001968},
 author = {Frank Wilcoxon},
 journal = {Biometrics Bulletin},
 number = {6},
 pages = {80-83},
 publisher = {[International Biometric Society, Wiley]},
 title = {Individual Comparisons by Ranking Methods},
 volume = {1},
 year = {1945}
}

@article {PMID:26758643,
	Title = {Texture analysis in gel electrophoresis images using an integrative kernel-based approach},
	Author = {Fernandez-Lozano, Carlos and Seoane, Jose A. and Gestal, Marcos and Gaunt, Tom R. and Dorado, Julian and Pazos, Alejandro and Campbell, Colin},
	DOI = {10.1038/srep19256},
	Volume = {6},
	Year = {2016},
	Journal = {Scientific reports},
	ISSN = {2045-2322},
	Pages = {19256},
	doi = {10.1038/srep19256},
}

@article{doi:10.1093/bioinformatics/btm344,
author = {Saeys, Yvan and Inza, I. and Larra\~naga, Pedro},
title = {A review of feature selection techniques in bioinformatics},
journal = {Bioinformatics},
volume = {23},
number = {19},
pages = {2507-2517},
year = {2007},
doi = {10.1093/bioinformatics/btm344}
}

@Book{Vapnik99thenature,
author = {Vladimir N. Vapnik},
title = {The Nature of Statistical Learning Theory},
publisher = {Springer-Verlag},
address = {New York, NY},
year = {1999}
}

@INPROCEEDINGS{Boser92atraining,
author = {Bernhard E. Boser and Isabelle M. Guyon and Vladimir N. Vapnik},
title = {A Training Algorithm for Optimal Margin Classifiers},
booktitle = {Proceedings of the 5th Annual ACM Workshop on Computational Learning Theory},
year = {1992},
pages = {144--152}
}
@ARTICLE{Zou05regularizationand,
author = {Hui Zou and Trevor Hastie},
title = {Regularization and variable selection via the Elastic Net},
journal = {Journal of the Royal Statistical Society: Series B (Statistical Methodology)},
year = {2005},
volume = {67},
number = {2},
pages = {301--320}
}

@article{Hechenbichler06weightedk-nearest-neighbor,
author = {Klaus Hechenbichler and Klaus Schliep},
title = {Weighted k-nearest-neighbor techniques and ordinal classification},
journal = {Sonderforschungsbereich},
volume = {386},
number = {399},
year = {2004},
pages = {1--16}
}
@article{Bischl:2012:RMM:2261317.2261322,
 author = {Bischl, B. and Mersmann, O. and Trautmann, H. and Weihs, C.},
 title = {Resampling Methods for Meta-model Validation with Recommendations for Evolutionary Computation},
 journal = {Evolutionary Computation},
 issue_date = {Summer 2012},
 volume = {20},
 number = {2},
 month = jun,
 year = {2012},
 issn = {1063-6560},
 pages = {249--275},
 numpages = {27},
 doi = {10.1162/EVCO_a_00069},
 acmid = {2261322},
 publisher = {MIT Press},
 address = {Cambridge, MA},
 keywords = {Resampling, evolutionary computation, evolutionary optimization, meta-models, model validation, regression},
}

@INPROCEEDINGS{6606268,
author={H. Gao and L. Dou and W. Chen and J. Sun},
booktitle={Proceedings of the 9th Asian Control Conference},
title={Image classification with bag-of-words model based on improved {SIFT} algorithm},
year={2013},
pages={1-6},
keywords={feature extraction;image classification;principal component analysis;radial basis function networks;support vector machines;transforms;BOW model;HIK function;PCA theory;RBF;SIFT algorithm;SIFT feature descriptor extraction;SIFT feature vector dimension reduction;SVM classifier;bag-of-words model;global information;histogram intersection kernel function;image classification;image division;optimal scheme;principal component analysis method;radial basis function;support vector machine classifier;testing image set;training image set;uniform grid patches;visual vocabulary;Classification algorithms;Feature extraction;Image classification;Kernel;Principal component analysis;Support vector machines;Visualization;Bag-of-Words;PCA;SIFT;SVM;image classification},
doi={10.1109/ASCC.2013.6606268},
month={June},}

@INPROCEEDINGS{7727306,
author={S. Basu and M. Karki and S. Mukhopadhyay and S. Ganguly and R. Nemani and R. DiBiano and S. Gayaka},
booktitle={Proceedings of the 2016 International Joint Conference on Neural Networks},
title={A theoretical analysis of Deep Neural Networks for texture classification},
year={2016},
pages={992-999},
doi={10.1109/IJCNN.2016.7727306},
month={July},}

@article{AZHAR201524,
title = "Batik Image Classification Using {SIFT} Feature Extraction, Bag of Features and Support Vector Machine",
journal = "Procedia Computer Science",
volume = "72",
number = "",
pages = "24-30",
year = "2015",
note = "The Third Information Systems International Conference 2015",
issn = "1877-0509",
doi = "http://dx.doi.org/10.1016/j.procs.2015.12.101",
url = "http://www.sciencedirect.com/science/article/pii/S1877050915035620",
author = "Ryfial Azhar and Desmin Tuwohingide and Dasrit Kamudi and Sarimuddin and Nanik Suciati"
}

@ARTICLE{7182310,
author={D. Yu and F. Yang and C. Yang and C. Leng and J. Cao and Y. Wang and J. Tian},
journal={IEEE Transactions on Biomedical Engineering},
title={Fast rotation-free feature-based image registration using improved {N-SIFT} and {GMM}-based parallel optimization},
year={2016},
volume={63},
number={8},
pages={1653-1664},
doi={10.1109/TBME.2015.2465855},
ISSN={0018-9294},
month={Aug}
}

@INPROCEEDINGS{Maass03vapnikâ€“chervonenkisdimension,
author = {Wolfgang Maass},
title = {{Vapnik-Chervonenkis} dimension of neural nets},
booktitle = {The handbook of Brain Theory and Neural Networks (2nd Edition)},
pages = {1000--1003},
year = {2003},
publisher = {MIT Press},
address = {Cambridge, MA}
}
@ARTICLE{Tibshirani96regressionshrinkage,
    author = {Robert Tibshirani},
    title = {Regression Shrinkage and Selection Via the Lasso},
    journal = {Journal of the Royal Statistical Society: Series B (Statistical Methodology)},
    year = {1996},
    volume = {58},
    number = {1},
    pages = {267--288}
}

@INPROCEEDINGS{7363122,
author={J. Zhao and H. Liu and Y. Feng and S. Yuan and W. Cai},
booktitle={Proceedings of the IEEE International Conference on Computer and Information Technology; Ubiquitous Computing and Communications; Dependable, Autonomic and Secure Computing; Pervasive Intelligence and Computing},
title={{BE-SIFT}: a more brief and efficient {SIFT} image matching algorithm for computer vision},
year={2015},
pages={568-574},
doi={10.1109/CIT/IUCC/DASC/PICOM.2015.81},
month={Oct}
}

@book{Cristianini:1999:ISV:345662,
 author = {Cristianini, Nello and Shawe-Taylor, John},
 title = {An Introduction to Support Vector Machines and Other Kernel-Based Learning Methods},
 year = {2000},
 isbn = {0-521-78019-5},
 publisher = {Cambridge University Press},
 address = {New York, NY},
}

@article{citeulike:13121917,
    author = {Samworth, Richard J.},
    doi = {10.1214/12-aos1049},
    issn = {0090-5364},
    journal = {The Annals of Statistics},
    keywords = {geometric, learning},
    month = oct,
    number = {5},
    pages = {2733--2763},
    posted-at = {2014-03-31 20:32:50},
    priority = {0},
    title = {{Optimal weighted nearest neighbour classifiers}},
    volume = {40},
    year = {2012}
}

@article{DBLP:journals/cmmm/ZhangZLYX13,
  author    = {Rui Zhang and Wu Zhou and Yanjie Li and Shaode Yu and Yaoqin Xie},
  title     = {Nonrigid Registration of Lung {CT} Images Based on Tissue Features},
  journal   = {Computational and Mathematical Methods in Medicine},
  volume    = {2013},
  pages     = {834192},
  year      = {2013},
  url       = {https://doi.org/10.1155/2013/834192},
  doi       = {10.1155/2013/834192}
}

@article{DBLP:journals/cmig/NiCQYQWHH09,
  author    = {Dong Ni and
               Yim-Pan Chui and
               Yingge Qu and
               Xuan S. Yang and
               Jing Qin and
               Tien-Tsin Wong and
               Simon S. H. Ho and
               Pheng-Ann Heng},
  title     = {Reconstruction of volumetric ultrasound panorama based on improved {3D} {SIFT}},
  journal   = {Computerized Medical Imaging and Graphics},
  volume    = {33},
  number    = {7},
  pages     = {559--566},
  year      = {2009},
  doi       = {10.1016/j.compmedimag.2009.05.006}
}

@article{10.1371/journal.pone.0153043,
    author = {Lee, Dong-Hoon AND Lee, Do-Wan AND Han, Bong-Soo},
    journal = {PLOS ONE},
    publisher = {Public Library of Science},
    title = {Possibility Study of Scale Invariant Feature Transform {(SIFT)} Algorithm Application to Spine Magnetic Resonance Imaging},
    year = {2016},
    volume = {11},
    url = {https://doi.org/10.1371/journal.pone.0153043},
    pages = {1-9},
    number = {4},
    doi = {10.1371/journal.pone.0153043}
}

@ARTICLE{1053964,
author={T. Cover and P. Hart},
journal={IEEE Transactions on Information Theory},
title={Nearest neighbor pattern classification},
year={1967},
volume={13},
number={1},
pages={21-27},
keywords={Pattern classification},
doi={10.1109/TIT.1967.1053964},
ISSN={0018-9448},
month={January},}

@InCollection{2549,
  title = {A Primer on Kernel Methods},
  author = {Vert, J. P. and Tsuda, K. and Sch{\"o}lkopf, B.},
  booktitle = {Kernel Methods in Computational Biology},
  pages = {35-70},
  publisher = {MIT Press},
  address = {Cambridge, MA, USA},
  year = {2004}
}

@Article{glmnet,
    title = {Regularization Paths for Generalized Linear Models via Coordinate Descent},
    author = {Jerome Friedman and Trevor Hastie and Robert Tibshirani},
    journal = {Journal of Statistical Software},
    year = {2010},
    volume = {33},
    number = {1},
    pages = {1--22},
    url = {http://www.jstatsoft.org/v33/i01/},
  }

@Manual{kknn,
  title = {kknn: Weighted k-Nearest Neighbors},
  author = {Klaus Schliep and Klaus Hechenbichler},
  year = {2016},
  url = {https://CRAN.R-project.org/package=kknn}
}

@ARTICLE{6697897,
author={M. Bianchini and F. Scarselli},
journal={IEEE Transactions on Neural Networks and Learning Systems},
title={On the complexity of neural network classifiers: a comparison between shallow and deep architectures},
year={2014},
volume={25},
number={8},
pages={1553-1565},
doi={10.1109/TNNLS.2013.2293637},
ISSN={2162-237X},
month={Aug},}

@Article{randomForest,
    title = {Classification and regression by {randomForest}},
    author = {Andy Liaw and Matthew Wiener},
    journal = {R News},
    year = {2002},
    volume = {2},
    number = {3},
    pages = {18-22},
    url = {http://CRAN.R-project.org/doc/Rnews/},
  }

@Article{Sakr2016,
author="Sakr, George E. and Elhajj, Imad H.",
title="{VC}-based confidence and credibility for support vector machines",
journal="Soft Computing",
year="2016",
volume="20",
number="1",
pages="133--147",
issn="1433-7479",
doi="10.1007/s00500-014-1485-4"}

@InCollection{Vapnik2015,
author="Vapnik, V. N. and Chervonenkis, A. Ya.",
title="On the uniform convergence of relative frequencies of events to their probabilities",
booktitle="Measures of Complexity: Festschrift for Alexey Chervonenkis",
year="2015",
publisher="Springer International Publishing",
address="Cham",
pages="11--30"
}

@Manual{e1071,
    title = {e1071: Misc Functions of the Department of Statistics, Probability
Theory Group (Formerly: E1071), TU Wien},
    author = {David Meyer and Evgenia Dimitriadou and Kurt Hornik and Andreas Weingessel and Friedrich Leisch},
    year = {2017},
    url = {https://CRAN.R-project.org/package=e1071},
  }

@Article{Burges1998,
author="Burges, Christopher J. C.",
title="A Tutorial on Support Vector Machines for Pattern Recognition",
journal="Data Mining and Knowledge Discovery",
year="1998",
volume="2",
number="2",
pages="121--167",
issn="1573-756X",
doi="10.1023/A:1009715923555",
url="http://dx.doi.org/10.1023/A:1009715923555"
}
@ARTICLE{1381809,
author={F. De Ridder and R. Pintelon and J. Schoukens and D. P. Gillikin},
journal={IEEE Transactions on Instrumentation and Measurement},
title={Modified {AIC} and {MDL} model selection criteria for short data records},
year={2005},
volume={54},
number={1},
pages={144-150},
keywords={information theory;parameter estimation;Akaike information criterion;complex models;finite sample behavior;minimum description length;model parameters estimation;model selection criteria;short data records;Autoregressive processes;Cost function;Gaussian noise;Length measurement;Noise measurement;Noise reduction;Nonlinear dynamical systems;Parameter estimation;Signal processing;Time measurement},
doi={10.1109/TIM.2004.838132},
ISSN={0018-9456},
month={Feb},}

@Book{zbMATH01332320,
    Author = {Vladimir N. Vapnik},
    Title = {Statistical Learning Theory},
    ISBN = {0-471-03003-1},
    Year = {1998},
    Publisher = {John Wiley \& Sons},
	address = {New York, NY}
}

@InCollection{Simon2007,
author="Simon, Richard",
title="Resampling Strategies for Model Assessment and Selection",
booktitle="Fundamentals of Data Mining in Genomics and Proteomics",
year="2007",
publisher="Springer",
address="Boston, MA",
pages="173-186",
}

@article{TU19961225,
title = "Advantages and disadvantages of using artificial neural networks versus logistic regression for predicting medical outcomes",
journal = "Journal of Clinical Epidemiology",
volume = "49",
number = "11",
pages = "1225-1231",
year = "1996",
note = "",
issn = "0895-4356",
doi = "http://dx.doi.org/10.1016/S0895-4356(96)00002-9",
author = "Jack V. Tu",
keywords = "Neural networks",
keywords = "logistic regression"
}
@article{Gupta20171,
title = "Sparse short-term time series forecasting models via minimum model complexity",
journal = "Neurocomputing ",
volume = "243",
number = "",
pages = "1-11",
year = "2017",
note = "",
issn = "0925-2312",
doi = "https://doi.org/10.1016/j.neucom.2017.02.002",
author = "Pawas Gupta and Sanjit S. Batra and Jayadeva",
keywords = "Time Series Forecasting",
keywords = "Short Term Forecasting",
keywords = "MCMR",
keywords = "Support Vector Machines",
keywords = "Regression",
keywords = "Neural Networks "
}


@Manual{mlrpackage2016,
    title = {mlr: Machine Learning in R},
    author = {Bernd Bischl and Michel Lang and Lars Kotthoff and Julia Schiffner and Jakob Richter and Zachary Jones and Giuseppe Casalicchio},
    year = {2016},
    url = {https://CRAN.R-project.org/package=mlr}
}

@article{Iacca201217,
title = "Ockham's Razor in memetic computing: three stage optimal memetic exploration",
journal = "Information Sciences",
volume = "188",
number = "",
pages = "17-43",
year = "2012",
note = "",
issn = "0020-0255",
doi = "https://doi.org/10.1016/j.ins.2011.11.025",
author = "Giovanni Iacca and Ferrante Neri and Ernesto Mininno and Yew-Soon Ong and Meng-Hiot Lim",
keywords = "Memetic computing",
keywords = "Evolutionary algorithms",
keywords = "Memetic algorithms",
keywords = "Computational intelligence optimization "
}


@Manual{Rpackage2016,
    title = {R: A Language and Environment for Statistical Computing},
    author = {{R Core Team}},
    organization = {R Foundation for Statistical Computing},
    address = {Vienna, Austria},
    year = {2016},
    url = {https://www.R-project.org/},
}

@article{Ebrahimpour2017214,
title = "Occam's razor in dimension reduction: using reduced row {Echelon} form for finding linear independent features in high dimensional microarray datasets",
journal = "Engineering Applications of Artificial Intelligence",
volume = "62",
number = "",
pages = "214-221",
year = "2017",
note = "",
issn = "0952-1976",
doi = "https://doi.org/10.1016/j.engappai.2017.04.006",
author = "Mohammad Kazem Ebrahimpour and Masoumeh Zare and Mahdi Eftekhari and Gholamreza Aghamolaei",
keywords = "Occam's razor philosophy",
keywords = "Machine learning",
keywords = "Feature selection",
keywords = "Linear independent columns",
keywords = "Row reduced Echelon form "
}


@article{10.7717/peerj.2721,
 title = {A methodology for the design of experiments in computational intelligence with multiple regression models},
 author = {Fernandez-Lozano, Carlos and Gestal, Marcos and Munteanu, Cristian R. and Dorado, Julian and Pazos, Alejandro},
 year = 2016,
 month = dec,
 keywords = {Computational intelligence, Machine learning, Methodology, Statistical analysis, Experimental design, RRregrs},
 volume = 4,
 pages = {e2721},
 journal = {PeerJ},
 issn = {2167-8359},
 doi = {10.7717/peerj.2721}
}
@article{Hong2013210,
title = "Particle swarm optimisation assisted classification using elastic net prefiltering ",
journal = "Neurocomputing ",
volume = "122",
number = "",
pages = "210-220",
year = "2013",
note = "Advances in cognitive and ubiquitous computingSelected papers from the Sixth International Conference on Innovative Mobile and Internet Services in Ubiquitous Computing (IMIS-2012) ",
issn = "0925-2312",
doi = "https://doi.org/10.1016/j.neucom.2013.06.030",
author = "Xia Hong and Junbin Gao and Sheng Chen and Chris J. Harris",
keywords = "Classification",
keywords = "Bayesian evidence",
keywords = "Elastic net",
keywords = "Forward regression",
keywords = "Regularisation",
keywords = "Particle swarm optimisation "
}


@article{lowe2004distinctive,
  title={Distinctive image features from scale-invariant keypoints},
  author={Lowe, David G},
  journal={International Journal of Computer Vision},
  volume={60},
  number={2},
  pages={91--110},
  year={2004}
}
@article{Mehta2004461,
title = "Adequacy of training data for evolutionary mining of trading rules ",
journal = "Decision Support Systems ",
volume = "37",
number = "4",
pages = "461-474",
year = "2004",
note = "Data mining for financial decision making ",
issn = "0167-9236",
doi = "https://doi.org/10.1016/S0167-9236(03)00091-5",
author = "Kumar Mehta and Siddhartha Bhattacharyya",
keywords = "Data mining",
keywords = "Genetic algorithms",
keywords = "Time series prediction",
keywords = "Financial forecasting "
}


@ARTICLE{4033002,
author={G. P. Zhang},
journal={IEEE Transactions on Systems, Man, and Cybernetics, Part C (Applications and Reviews)},
title={Avoiding Pitfalls in Neural Network Research},
year={2007},
volume={37},
number={1},
pages={3-16},
keywords={data analysis;neural nets;pattern classification;artificial neural network research;data analysis;pitfalls avoidance;Application software;Data analysis;Databases;Guidelines;Humans;Neural networks;Pattern recognition;Predictive models;Software packages;Statistics;Data;model building;model evaluation;neural networks;pitfalls;publication bias;software},
doi={10.1109/TSMCC.2006.876059},
ISSN={1094-6977},
month={Jan},}

@ARTICLE{655043,
author={B. LeBaron and A. S. Weigend},
journal={IEEE Transactions on Neural Networks},
title={A bootstrap evaluation of the effect of data splitting on financial time series},
year={1998},
volume={9},
number={1},
pages={213-220},
keywords={finance;learning (artificial intelligence);neural nets;stock markets;time series;New York Stock Exchange;bootstrap evaluation;data splitting;financial time series;neural-network specific uncertainties;resampling method;static splits;Data mining;Economic forecasting;Information systems;Merging;Parameter estimation;Power generation economics;Predictive models;Stock markets;Testing;Uncertainty},
doi={10.1109/72.655043},
ISSN={1045-9227},
month={Jan},}




@article{doi:10.1680/bbn.14.00006,
author = {Natalia A. Khovanova and Torgyn Shaikhina and Kajal K. Mallick},
title = {Neural networks for analysis of trabecular bone in osteoarthritis},
journal = {Bioinspired, Biomimetic and Nanobiomaterials},
volume = {4},
number = {1},
pages = {90-100},
year = {2015},
doi = {10.1680/bbn.14.00006}
}

@article{Shaikhina201751,
title = "Handling limited datasets with neural networks in medical applications: a small-data approach",
journal = "Artificial Intelligence in Medicine",
volume = "75",
number = "",
pages = "51-63",
year = "2017",
note = "",
issn = "0933-3657",
doi = "https://doi.org/10.1016/j.artmed.2016.12.003",
author = "Torgyn Shaikhina and Natalia A. Khovanova",
keywords = "Predictive modelling",
keywords = "Small data",
keywords = "Regression neural networks",
keywords = "Osteoarthritis",
keywords = "Compressive strength",
keywords = "Trabecular bone "
}



@article{Fawcett:2006:IRA:1159473.1159475,
 author = {Fawcett, Tom},
 title = {An Introduction to {ROC} Analysis},
 journal = {Pattern Recognition Letters},
 issue_date = {June 2006},
 volume = {27},
 number = {8},
 month = jun,
 year = {2006},
 issn = {0167-8655},
 pages = {861--874},
 numpages = {14},
 doi = {10.1016/j.patrec.2005.10.010},
 acmid = {1159475},
 publisher = {Elsevier Science Inc.},
 address = {New York, NY, USA},
 keywords = {Classifier evaluation, Evaluation metrics, ROC analysis},
}

@article{Chawla:2002:SSM:1622407.1622416,
 author = {Chawla, Nitesh V. and Bowyer, Kevin W. and Hall, Lawrence O. and Kegelmeyer, W. Philip},
 title = {{SMOTE}: Synthetic Minority Over-sampling Technique},
 journal = {Journal of Artificial Intelligence Research},
 issue_date = {January 2002},
 volume = {16},
 number = {1},
 month = jun,
 year = {2002},
 issn = {1076-9757},
 pages = {321--357},
 numpages = {37},
 acmid = {1622416},
 publisher = {AI Access Foundation},
 address = {USA},
}

@Article{Shamir2008,
author="Shamir, Lior
and Orlov, Nikita
and Eckley, D. Mark
and Macura, Tomasz
and Johnston, Josiah
and Goldberg, Ilya G.",
title="Wndchrm -- an open source utility for biological image analysis",
journal="Source Code for Biology and Medicine",
year="2008",
volume="3",
number="1",
pages="1--13",
abstract="Biological imaging is an emerging field, covering a wide range of applications in biological and clinical research. However, while machinery for automated experimenting and data acquisition has been developing rapidly in the past years, automated image analysis often introduces a bottleneck in high content screening.",
issn="1751-0473",
doi="10.1186/1751-0473-3-13"}

@article{Branco:2016:SPM:2966278.2907070,
 author = {Branco, Paula and Torgo, Lu\'{\i}s and Ribeiro, Rita P.},
 title = {A Survey of Predictive Modeling on Imbalanced Domains},
 journal = {ACM Computing Surveys},
 issue_date = {November 2016},
 volume = {49},
 number = {2},
 month = aug,
 year = {2016},
 issn = {0360-0300},
 pages = {31:1--31:50},
 articleno = {31},
 numpages = {50},
 doi = {10.1145/2907070},
 acmid = {2907070},
 publisher = {ACM},
 address = {New York, NY, USA},
 keywords = {Imbalanced domains, classification, performance metrics, rare cases, regression},
}

@article{Forman:2010:ACS:1882471.1882479,
 author = {Forman, George and Scholz, Martin},
 title = {Apples-to-apples in cross-validation studies: pitfalls in classifier performance measurement},
 journal = {ACM SIGKDD Explorations Newsletter},
 issue_date = {June 2010},
 volume = {12},
 number = {1},
 month = nov,
 year = {2010},
 issn = {1931-0145},
 pages = {49--57},
 numpages = {9},
 doi = {10.1145/1882471.1882479},
 acmid = {1882479},
 publisher = {ACM},
 address = {New York, NY, USA},
}
@ARTICLE{Daskalaki06evaluationof,
    author = {Sophia Daskalaki and Ioannis Kopanas and Nikolaos Avouris},
    title = {Evaluation of Classifiers for an Uneven Class Distribution Problem},
    journal = {Applied Artificial Intelligence},
    year = {2006},
    volume = {20},
	number = {5},
    pages = {381--417}
}

@Article{Orlov2008,
author="Orlov, Nikita
and Shamir, Lior
and Macura, Tomasz
and Johnston, Josiah
and Eckley, D. Mark
and Goldberg, Ilya G.",
title="{WND-CHARM}: Multi-purpose image classification using compound image transforms",
journal="Pattern Recognition Letters",
year="2008",
volume="29",
number="11",
pages="1684--1693"
}

@article{Chawla:2004:ESI:1007730.1007733,
 author = {Chawla, Nitesh V. and Japkowicz, Nathalie and Kotcz, Aleksander},
 title = {Editorial: Special Issue on Learning from Imbalanced Data Sets},
 journal = {ACM SIGKDD Explorations Newsletter},
 issue_date = {June 2004},
 volume = {6},
 number = {1},
 month = jun,
 year = {2004},
 issn = {1931-0145},
 pages = {1--6},
 numpages = {6},
 doi = {10.1145/1007730.1007733},
 acmid = {1007733},
 publisher = {ACM},
 address = {New York, NY, USA},
}

@article{Garcia2014,
author = {Garc{\'i}a, Vicente and Mollineda, Ram{\'{o}}n A. and S{\'{a}}nchez, J. Salvador},
doi = {10.1016/j.knosys.2014.01.021},
issn = {09507051},
journal = {Knowledge-Based Systems},
pages = {66--74},
title = {A bias correction function for classification performance assessment in two-class imbalanced problems},
volume = {59},
year = {2014}
}


@ARTICLE{5128907,
author={H. He and E. A. Garcia},
journal={IEEE Transactions on Knowledge and Data Engineering},
title={Learning from Imbalanced Data},
year={2009},
volume={21},
number={9},
pages={1263-1284},
keywords={data mining;decision making;large-scale systems;learning (artificial intelligence);complex systems;data availability;data engineering;decision making;imbalanced data;knowledge discovery;large-scale systems;learning;networked systems;Imbalanced learning;active learning;assessment metrics.;classification;cost-sensitive learning;kernel-based learning;sampling methods},
doi={10.1109/TKDE.2008.239},
ISSN={1041-4347},
month={Sept},}

@article{Li20181,
title = "Adaptive multi-objective swarm fusion for imbalanced data classification",
journal = "Information Fusion",
volume = "39",
number = "",
pages = "1-24",
year = "2018",
note = "",
issn = "1566-2535",
doi = "https://doi.org/10.1016/j.inffus.2017.03.007",
author = "Jinyan Li and Simon Fong and Raymond K. Wong and Victor W. Chu",
keywords = "Swarm fusion",
keywords = "Swarm intelligence algorithm",
keywords = "Multi-objective",
keywords = "Crossover rebalancing",
keywords = "Imbalanced data classification "
}



@INPROCEEDINGS{GAB98,
  author = {Goslin, K. and Asumussen, H. and Banker, G.},
  title = {Rat hippocampal neurons in low-density culture},
  booktitle = {Culturing Nerve Cells},
  year = {1998},
  pages = {339-370},
  address = {Cambridge, MA},
  publisher = {The MIT Press},
  chapter = {13}
}

@ARTICLE{S92,
  author = {Squire, L. R.},
  title = {Memory and the hippocampus: a synthesis from findings with rats, monkeys, and humans},
  journal = {Psychological Review},
  year = {1992},
  month = {April},
  volume = {99},
  number = {2},
  pages = {195-231}
}
@Article{Gabor1946,
author="Gabor, D.",
title="Theory of communication",
journal="Journal of the Institution of Electrical Engineers --- Part III: Radio and Communication Engineering",
year="1946",
volume="93",
number="26",
pages="429--457"
}

@Book{Lim1990,
author="Lim, J. S.",
title="Two-Dimensional Signal and Image Processing",
publisher="Prentice Hall",
address="Upper Saddle River, NJ",
year="1990"
}

@InProceedings{Hadjidementriou2001,
author="Hadjidementriou, E. and Grossberg, M. and Nayar, S.",
title="Spatial information in multiresolution histograms",
booktitle="Proceedings of the IEEE Conference on Computer Vision and Pattern Recognition",
year="2001",
pages="I.702--I.709"
}

@InCollection{Prewitt1970,
author="Prewitt, J. M. S.",
title="Object enhancement and extraction",
booktitle = "Picture Processing and Psychopictorics",
publisher="Academic Press",
address="New York, NY",
year="1970",
pages="75--149"
}

@Article{Murphy2001,
author="Murphy, K.",
title="The {Bayes} net toolbox for {Matlab}",
journal="Computing Science and Statistics",
year="2001",
volume="33",
pages="331--350"
}

@Article{Otsu1979,
author="Otsu, N.",
title="A threshold selection method from gray-level histograms",
journal="IEEE Transactions on Systems, Man, and Cybernetics",
year="1979",
volume="9",
number="1",
pages="62--66"
}

@Article{Tamura1978,
author="Tamura, H. and Mori, S. and Yamawaki, T.",
title="Textural features corresponding to visual perception",
journal="IEEE Transactions on Systems, Man, and Cybernetics",
year="1978",
volume="8",
number="6",
pages="460-473"
}

@Book{Gradshtein1994,
author="Gradshteyn, I. S. and Ryzhik, I. M.",
title="Table of Integrals, Series and Products",
publisher="Academic Press",
address="New York, NY",
year="1994"
}

@manual{vedaldi08vlfeat,
 Author = "A. Vedaldi and B. Fulkerson",
 Title = "{VLFeat}: An Open and Portable Library of Computer Vision Algorithms",
 Year  = "2008",
 URL = "http://www.vlfeat.org/"
}

@book{MATLAB2016,
year = "2016",
author = "MathWorks",
title = "Version 9.0.0.341360 (R2016a)",
publisher = "The MathWorks Inc.",
address = "Natick, MA"
}

@Article{Sivic2009,
author="Sivic, J.",
title="Efficient visual search of videos cast as text retrieval",
journal="IEEE Transactions on Pattern Analysis and Machine Intelligence",
year="2009",
volume="31",
number="4",
pages="591--605"
}

@inproceedings{macqueen1967,
address = "Berkeley, CA",
author = "MacQueen, J.",
booktitle = "Proceedings of the 5th Berkeley Symposium on Mathematical Statistics and Probability --- Volume 1: Statistics",
pages = "281--297",
publisher = "University of California Press",
title = "Some methods for classification and analysis of multivariate observations",
year = "1967"
}

@ARTICLE{D08,
  author = {Dragunow, M.},
  title = {High-content analysis in neuroscience},
  journal = {Nature Reviews Neuroscience},
  year = {2008},
  volume = {9},
  pages = {779-788},
  number = {10},
  month = {Oct.}
}

@ARTICLE{ARB09,
  author = {Anderl, J. L. and Redpath, S. and Ball, A. J.},
  title = {A neuronal and astrocyte co-culture assay for high content analysis of neurotoxicity},
  journal = {Journal of Visualized Experiments},
  year = {2009},
  volume = {5},
  pages = {1173},
  number = {27},
  month = {May}
}

@ARTICLE{RN12,
  author = {Radio, N.M.},
  title = {Neurite Outgrowth Assessment Using High Content Analysis Methodology},
  journal = {Methods in Molecular Biology},
  year = {2012},
  volume = {846},
  pages = {247-260},
  month = {Jan.}
}

@ARTICLE{Pelt-2001,
  author = {van Pelt, J. and van Ooyen, A. and Uylings, H.B.},
  title = {The need for integrating neuronal morphology databases and computational environments in exploring neuronal structure and function},
  journal = {Anatomy and Embryology},
  year = {2001},
  volume = {204},
  pages = {255-265},
  number = {4},
  month = {Oct.}
}

@ARTICLE{Meijering-2010,
  author = {Meijering, E.},
  title = {Neuron tracing in perspective},
  journal = {Cytometry Part A},
  year = {2010},
  volume = {77},
  pages = {693-704},
  number = {7},
  month = {July}
}

@ARTICLE{Charoenkwan-2013,
  author = {Charoenkwan, P. and Hwang, E. and Cutler, R. W. and Lee, H.-C. and Ko, L.-W. and Huang,H.-L. and Ho, S.-Y.},
  title = {{HCS-Neurons}: identifying phenotypic changes in multi-neuron images upon drug treatments of high-content screening},
  journal = {BMC Bioinformatics},
  year = {2013},
  volume = {14},
  pages = {S12},
  number = {S16},
  month = {Oct.}
}

@ARTICLE{Wu-2010,
  author = {Wu, C. and Schulte, J. and Sepp, K. J. and Littleton, J. T. and Hong, P.},
  title = {Automatic robust neurite detection and morphological analysis of neuronal cell cultures in high-content screening},
  journal = {Neuroinformatics},
  year = {2010},
  volume = {8},
  pages = {83-100},
  number = {2},
  month = {June}
}

@ARTICLE{Vallotton-2007,
  author = {P. Vallotton and R. Lagerstrom and C. Sun and M. Buckley and D. Wang and M. De Silva and S.-S. Tan and J. M. Gunnersen},
  title = {Automated analysis of neurite branching in cultured cortical neurons using {HCA-Vision}},
  journal = {Cytometry Part A},
  year = {2007},
  volume = {71},
  pages = {889-895},
  number = {10},
  month = {Sep.}
}

@ARTICLE{Xia-2012,
  author = {X. Xia and S. T. C. Wong},
  title = {Concise review: a high-content screening approach to stem cell research and drug discovery},
  journal = {Stem Cells},
  year = {2012},
  volume = {30},
  pages = {1800-1807},
  number = {9},
  month = {Sep.}
}

@ARTICLE{Zhang-2007,
  author = {Y. Zhang and X. Zhou and A. Degterev and M. Lipinski and D. Adjeroh and J. Yuan and S. T. C. Wong},
  title = {A novel tracing algorithm for high throughput imaging: screening of neuron-based assays},
  journal = {Journal of Neuroscience Methods},
  year = {2007},
  volume = {160},
  pages = {149-162},
  number = {1},
  month = {Feb.}
}
@BOOK{Cajal2007,
  AUTHOR =       {Santiago {Ram\'on y Cajal}},
  TITLE =        {Histolog\'ia del sistema nervioso del hombre y de los vertebrados},
  PUBLISHER =    {CSIC},
  address =      {Madrid},
  YEAR =         {1899},
  note =         {Reprinted in 2007}
}

@book{Russ:1992:IPH:98467,
 author = {Russ, John C.},
 title = {The Image Processing Handbook},
 year = {1992},
 isbn = {0-8493-4233-3},
 publisher = {CRC Press},
 address = {Boca Raton, FL}
}

@article{ASHINSKY20151704,
title = "Machine learning classification of {OARSI}-scored human articular cartilage using magnetic resonance imaging",
journal = "Osteoarthritis and Cartilage",
volume = "23",
number = "10",
pages = "1704 - 1712",
year = "2015",
author = "B. G. Ashinsky and C. E. Coletta and M. Bouhrara and V. A. Lukas and J. M. Boyle and D. A. Reiter and C. P. Neu and I. G. Goldberg and R. G. Spencer"
}

@Article{C3RA47489E,
author ="Tripathy, Rajesh Kumar and Mahanta, Sailendra and Paul, Subhankar",
title  ="Artificial intelligence-based classification of breast cancer using cellular images",
journal  ="RSC Advances",
year  ="2014",
volume  ="4",
number = "18",
pages  ="9349-9355",
publisher  ="The Royal Society of Chemistry"
}

@BOOK{Ascoli-2015,
  title = {Trees of the Brain, Roots of the Mind},
  publisher = {MIT Press},
  year = {2015},
  author = {G. A. Ascoli},
  address = {Cambridge, MA}
}

@Article{Singh-2014,
  author  = {S. Singh and A. E. Carpenter and A. Genovesio},
  title   = {Increasing the content of high-content screening: an overview},
  journal = {Journal of Biomolecular Screening},
  year    = {2014},
  volume  = {19},
  number  = {5},
  pages   = {640-650},
  doi     = {10.1177/1087057114528537},
  pmid    = {24710339},
}

@Article{Antony-2013,
  author  = {P. M. A. Antony and C. Trefois and A. Stojanovic and A. S. Baumuratov and K. Kozak},
  title   = {Light microscopy applications in systems biology: opportunities and challenges},
  journal = {Cell Communication and Signaling},
  year    = {2013},
  volume  = {11},
  number  = {24},
  pages   = {1-19},
  doi     = {10.1186/1478-811X-11-24},
  pmid    = {23578051},
}

@Article{Bougen-Zhukov-2017,
  author  = {Bougen-Zhukov, Nicola and Loh, Sheng Yang and Lee, Hwee Kuan and Loo, Lit-Hsin},
  title   = {Large-scale image-based screening and profiling of cellular phenotypes},
  journal = {Cytometry Part A},
  year    = {2017},
  volume  = {91},
  number  = {2},
  pages   = {115-125},
  doi     = {10.1002/cyto.a.22909},
  pmid    = {27434125},
}

@Article{Dehmelt-2011,
  author  = {L. Dehmelt and G. Poplawski and E. Hwang and S. Halpain},
  title   = {{NeuriteQuant}: an open source toolkit for high content screens of neuronal morphogenesis},
  journal = {BMC Neuroscience},
  year    = {2011},
  volume  = {12},
  number  = {100},
  pages   = {1-13},
  doi     = {10.1186/1471-2202-12-100},
  pmid    = {21989414},
}

@Article{Smafield-2015,
  author  = {Smafield, Timothy and Pasupuleti, Venkat and Sharma, Kamal and Huganir, Richard L. and Ye, Bing and Zhou, Jie},
  title   = {Automatic dendritic length quantification for high throughput screening of mature neurons},
  journal = {Neuroinformatics},
  year    = {2015},
  volume  = {13},
  number  = {4},
  pages   = {443-458},
  doi     = {10.1007/s12021-015-9267-4},
  pmid    = {25854493},
}

@Article{Jain-2012,
  author  = {Jain, Shushant and van Kesteren, Ronald E. and Heutink, Peter},
  title   = {High content screening in neurodegenerative diseases},
  journal = {Journal of Visualized Experiments},
  year    = {2012},
  volume  = {59},
  pages   = {e3452},
  doi     = {10.3791/3452},
  issue   = {59},
  pmid    = {22257990},
}

@Article{Meijering-2016,
  author  = {Meijering, Erik and Carpenter, Anne E. and Peng, Hanchuan and Hamprecht, Fred A. and Olivo-Marin, Jean-Christophe},
  title   = {Imagining the future of bioimage analysis},
  journal = {Nature Biotechnology},
  year    = {2016},
  volume  = {34},
  number  = {12},
  pages   = {1250-1255},
  month   = DEC,
  doi     = {10.1038/nbt.3722},
  pmid    = {27926723},
}

@Article{Kraus-2016,
  author  = {Kraus, Oren Z. and Frey, Brendan J.},
  title   = {Computer vision for high content screening},
  journal = {Critical Reviews in Biochemistry and Molecular Biology},
  year    = {2016},
  volume  = {51},
  number  = {2},
  pages   = {102-109},
  month   = MAR,
  doi     = {10.3109/10409238.2015.1135868},
  pmid    = {26806341},
}

@Article{Sommer-2013,
  author  = {C. Sommer and D. W. Gerlich},
  title   = {Machine learning in cell biology -- teaching computers to recognize phenotypes},
  journal = {Journal of Cell Science},
  year    = {2013},
  volume  = {126},
  number  = {24},
  pages   = {5529-5539},
  month   = DEC,
  doi     = {10.1242/jcs.123604},
  pmid    = {24259662},
}

@Article{Arganda-Carreras-2017,
  author  = {Arganda-Carreras, Ignacio and Kaynig, Verena and Rueden, Curtis and Eliceiri, Kevin W. and Schindelin, Johannes and Cardona, Albert and Seung, H. Sebastian},
  title   = {{Trainable Weka Segmentation}: a machine learning tool for microscopy pixel classification},
  journal = {Bioinformatics},
  year    = {2017},
  volume  = {33},
  number  = {15},
  pages   = {2424-2426},
  month   = AUG,
  doi     = {10.1093/bioinformatics/btx180},
  pmid    = {28369169},
}

@Article{Horvath-2011,
  author  = {P. Horvath and T. Wild and U. Kutay and G. Csucs},
  title   = {Machine learning improves the precision and robustness of high-content screens: using nonlinear multiparametric methods to analyze screening results},
  journal = {Journal of Biomolecular Screening},
  year    = {2011},
  volume  = {16},
  number  = {9},
  pages   = {1059-1067},
  month   = OCT,
  doi     = {10.1177/1087057111414878},
  pmid    = {21807964},
}


@InProceedings{Mata-2016,
  author    = {G. Mata and M. Radojevi\'c and I. Smal and M. Morales and E. Meijering and J. Rubio},
  title     = {Automatic detection of neurons in high-content microscope images using machine learning approaches},
  booktitle = {Proceedings of the IEEE International Symposium on Biomedical Imaging: From Nano to Macro},
  year      = {2016},
  pages     = {330-333}
}

@Article{Cuesto-2011,
  author  = {Cuesto, Germ{\'a}n and Enriquez-Barreto, Lilian and Caram{\'e}s, Cristina and Cantarero, Marta and Gasull, Xavier and Sandi, Carmen and Ferr{\'u}s, Alberto and Acebes, {\'A}ngel and Morales, Miguel},
  title   = {Phosphoinositide-3-kinase activation controls synaptogenesis and spinogenesis in hippocampal neurons},
  journal = {Journal of Neuroscience},
  year    = {2011},
  volume  = {31},
  number  = {8},
  pages   = {2721--2733},
  month   = {February},
  doi     = {10.1523/JNEUROSCI.4477-10.2011},
  pmid    = {21414895},
}

@Article{Enriquez-Barreto-2014,
  author  = {Enriquez-Barreto, Lilian and Cuesto, Germ{\'a}n and Dominguez-Iturza, Nuria and Gavil{\'a}n, Elena and Ruano, Diego and Sandi, Carmen and Fern{\'a}ndez-Ruiz, Antonio and Mart{\'i}n-V{\'a}zquez, Gonzalo and Herreras, Oscar and Morales, Miguel},
  title   = {Learning improvement after {PI3K} activation correlates with de novo formation of functional small spines},
  journal = {Frontiers in Molecular Neuroscience},
  year    = {2014},
  volume  = {6},
  pages   = {54},
  doi     = {10.3389/fnmol.2013.00054},
  pmid    = {24427113},
}

@Article{Enriquez-Barreto-2016,
  author  = {Enriquez-Barreto, Lilian and Morales, Miguel},
  title   = {The {PI3K} signaling pathway as a pharmacological target in autism related disorders and schizophrenia},
  journal = {Molecular and Cellular Therapies},
  year    = {2016},
  volume  = {4},
  pages   = {2},
  doi     = {10.1186/s40591-016-0047-9},
  pmid    = {26877878},
}

@Article{Krawczyk-2016,
  author  = {Bartosz Krawczyk},
  title   = {Learning from imbalanced data: open challenges and future directions},
  journal = {Progress in Artificial Intelligence},
  year    = {2016},
  volume  = {5},
  number  = {4},
  pages   = {221-232}
}

@Article{Haixiang-2017,
  author  = {Guo Haixiang and Li Yijing and Jennifer Shang and Gu Mingyun and Huang Yuanyue and Gong Bing},
  title   = {Learning from class-imbalanced data: review of methods and applications},
  journal = {Expert Systems with Applications},
  year    = {2017},
  volume  = {73},
  pages   = {220-239}
}

@Article{Haralick-1975,
  author  = {R. M. Haralick and K. Shanmugam and Its'Hak Dinstein},
  title   = {Textural features for image classification},
  journal = {IEEE Transactions on Systems, Man, and Cybernetics},
  year    = {1973},
  volume  = {3},
  number  = {6},
  pages   = {610-621}
}

@Book{Bishop-2006,
  title     = {Pattern Recognition and Machine Learning},
  publisher = {Springer},
  year      = {2006},
  author    = {C. M. Bishop},
  address   = {New York, NY}
}

@Article{Shapiro-Wilk-1965,
  author  = {S. S. Shapiro and M. B. Wilk},
  title   = {An analysis of variance test for normality (complete samples)},
  journal = {Biometrika},
  year    = {1965},
  volume  = {52},
  number  = {3-4},
  pages   = {591-611}
}

@Article{Friedman-1940,
  author  = {Friedman, Milton},
  title   = {A comparison of alternative tests of significance for the problem of $m$ rankings},
  journal = {Annals of Mathematical Statistics},
  year    = {1940},
  volume  = {11},
  number  = {1},
  pages   = {86-92}
}

@Book{Nemenyi-1963,
  title     = {Distribution-Free Multiple Comparisons},
  publisher = {Princeton University},
  year      = {1963},
  author    = {P. B. Nemenyi},
  address   = {Princeton, NJ}
}

@Article{Uhlmann-2016,
  author  = {Uhlmann, Virginie and Singh, Shantanu and Carpenter, Anne E.},
  title   = {{CP-CHARM}: segmentation-free image classification made accessible},
  journal = {BMC Bioinformatics},
  year    = {2016},
  volume  = {17},
  number  = {1},
  pages   = {51},
  doi     = {10.1186/s12859-016-0895-y},
  pmid    = {26817459},
}

@Article{Shamir-2010,
  author  = {L. Shamir and J. D. Delaney and N. Orlov and D. M. Eckley and I. G. Goldberg},
  title   = {Pattern recognition software and techniques for biological image analysis},
  journal = {PLOS Computational Biology},
  year    = {2010},
  volume  = {6},
  number  = {11},
  pages   = {e1000974},
  month   = NOV,
  doi     = {10.1371/journal.pcbi.1000974},
  pmid    = {21124870},
}

@Article{Shamir-2012,
  author  = {Lior Shamir},
  title   = {Automatic detection of peculiar galaxies in large datasets of galaxy images},
  journal = {Journal of Computational Science},
  year    = {2012},
  volume  = {3},
  number  = {3},
  pages   = {181-189}
}

@Article{Kuminski-2014,
  author  = {Evan Kuminski and Joe George and John Wallin and Lior Shamir},
  title   = {Combining human and machine learning for morphological analysis of galaxy images},
  journal = {Publications of the Astronomical Society of the Pacific},
  year    = {2014},
  volume  = {126},
  number  = {944},
  pages   = {959-967}
}

@Article{Shamir-2012b,
  author  = {Lior Shamir and Jane A. Tarakhovsky},
  title   = {Computer analysis of art},
  journal = {Journal on Computing and Cultural Heritage},
  year    = {2012},
  volume  = {5},
  number  = {2},
  pages   = {7}
}

@Article{Jiang-2010,
  author  = {R. M. Jiang and D. Crookes and N. Luo and M. W. Davidson},
  title   = {Live-cell tracking using {SIFT} features in {DIC} microscopic videos},
  journal = {IEEE Transactions on Biomedical Engineering},
  year    = {2010},
  volume  = {57},
  number  = {9},
  pages   = {2219-2228},
  month   = SEP,
  doi     = {10.1109/TBME.2010.2045376},
  pmid    = {20483698},
}

@Article{Mualla-2013,
  author  = {F. Mualla and S. Scholl and B. Sommerfeldt and A. Maier and J. Hornegger},
  title   = {Automatic cell detection in bright-field microscope images using {SIFT}, random forests, and hierarchical clustering},
  journal = {IEEE Transactions on Medical Imaging},
  year    = {2013},
  volume  = {32},
  number  = {12},
  pages   = {2274-2286},
  month   = DEC,
  doi     = {10.1109/TMI.2013.2280380},
  pmid    = {24001988},
}

@Article{LeCun-2015,
  author  = {LeCun, Yann and Bengio, Yoshua and Hinton, Geoffrey},
  title   = {Deep learning},
  journal = {Nature},
  year    = {2015},
  volume  = {521},
  number  = {7553},
  pages   = {436-444},
  month   = MAY,
  doi     = {10.1038/nature14539},
  pmid    = {26017442},
}

@Article{Greenspan-2016,
  author  = {Hayit Greenspan and Bram van Ginneken and Ronald M. Summers},
  title   = {Deep learning in medical imaging: overview and future promise of an exciting new technique},
  journal = {IEEE Transactions on Medical Imaging},
  year    = {2016},
  volume  = {35},
  number  = {5},
  pages   = {1153-1159},
  month   = MAY,
  doi     = {10.1109/TMI.2016.2553401},
}

@Article{Litjens-2017,
  author  = {Litjens, Geert and Kooi, Thijs and Bejnordi, Babak Ehteshami and Setio, Arnaud Arindra Adiyoso and Ciompi, Francesco and Ghafoorian, Mohsen and van der Laak, Jeroen A. W. M. and van Ginneken, Bram and S{\'a}nchez, Clara I.},
  title   = {A survey on deep learning in medical image analysis},
  journal = {Medical Image Analysis},
  year    = {2017},
  volume  = {42},
  pages   = {60-88},
  month   = DEC,
  doi     = {10.1016/j.media.2017.07.005},
  pmid    = {28778026},
}

@Article{Tajbakhsh-2016,
  author  = {Tajbakhsh, Nima and Shin, Jae Y. and Gurudu, Suryakanth R. and Hurst, R. Todd and Kendall, Christopher B. and Gotway, Michael B. and Jianming Liang},
  title   = {Convolutional neural networks for medical image analysis: full training or fine tuning?},
  journal = {IEEE Transactions on Medical Imaging},
  year    = {2016},
  volume  = {35},
  number  = {5},
  pages   = {1299-1312},
  month   = MAY,
  doi     = {10.1109/TMI.2016.2535302},
  pmid    = {26978662},
}

@Article{Shen-2017,
  author  = {Shen, Dinggang and Wu, Guorong and Suk, Heung-Il},
  title   = {Deep learning in medical image analysis},
  journal = {Annual Review of Biomedical Engineering},
  year    = {2017},
  volume  = {19},
  pages   = {221-248},
  month   = JUN,
  doi     = {10.1146/annurev-bioeng-071516-044442},
  pmid    = {28301734},
}

@Article{Ben-Hur-2010,
  author  = {Asa Ben-Hur and Jason Weston},
  title   = {A user's guide to support vector machines},
  journal = {Methods in Molecular Biology},
  year    = {2010},
  volume  = {609},
  pages   = {223-239}
}

@Book{Wickham-2009,
  title     = {ggplot2: Elegant Graphics for Data Analysis},
  publisher = {Springer},
  year      = {2009},
  author    = {Hadley Wickham},
  address   = {New York, NY}
}

@Article{Garcia-2010,
  author  = {Salvador Garc{\'i}a and Alberto Fern{\'a}ndez and Juli{\'a}n Luengo and Francisco Herrera},
  title   = {Advanced nonparametric tests for multiple comparisons in the design of experiments in computational intelligence and data mining: experimental analysis of power},
  journal = {Information Sciences},
  year    = {2010},
  volume  = {180},
  number  = {10},
  pages   = {2044-2064}
}

@INPROCEEDINGS{FeiFei,
author={L. Fei-Fei and P. Perona},
booktitle={Proceedings of the IEEE Conference on Computer Vision and Pattern Recognition},
title={A {B}ayesian hierarchical model for learning natural scene categories},
year={2005},
volume={2},
number={},
pages={524-531},
keywords={belief networks;image classification;image representation;natural scenes;unsupervised learning;Bayesian hierarchical model;codeword distribution;learning natural scene category;training set;unsupervised learning;Animals;Bayesian methods;Cities and towns;Dictionaries;Frequency;Histograms;Humans;Layout;Unsupervised learning;Vehicles},
doi={10.1109/CVPR.2005.16},
ISSN={1063-6919},
month={June},}

@INPROCEEDINGS{Yang,
author={Jianchao Yang and Kai Yu and Yihong Gong and T. Huang},
booktitle={Proceedings of the IEEE Conference on Computer Vision and Pattern Recognition},
title={Linear spatial pyramid matching using sparse coding for image classification},
year={2009},
volume={},
number={},
pages={1794-1801},
keywords={computational complexity;image classification;image matching;support vector machines;vector quantisation;SIFT descriptor;SIFT sparse codes;SPM kernel;computational complexity;image categorization;image classification;linear spatial pyramid matching;multiscale spatial max pooling;nonlinear SVM;sparse coding;training images;vector quantization;Computational complexity;Histograms;Image classification;Image coding;Image representation;Image segmentation;Kernel;Scanning probe microscopy;Testing;Vector quantization},
doi={10.1109/CVPR.2009.5206757},
ISSN={1063-6919},
month={June},}

@ARTICLE{Felzenszwalband,
author={P. F. Felzenszwalb and R. B. Girshick and D. McAllester and D. Ramanan},
journal={IEEE Transactions on Pattern Analysis and Machine Intelligence},
title={Object Detection with Discriminatively Trained Part-Based Models},
year={2010},
volume={32},
number={9},
pages={1627-1645},
keywords={data mining;iterative methods;object detection;object recognition;support vector machines;PASCAL object detection;data mining;discriminative trained part-based models;iterative training algorithm;latent SVM objective function;margin-sensitive approach;multiscale deformable part models;object detection system;object recognition;support vector machine;Object recognition;deformable models;discriminative training;latent SVM.;pictorial structures;Algorithms;Artificial Intelligence;Discriminant Analysis;Image Enhancement;Image Interpretation, Computer-Assisted;Imaging, Three-Dimensional;Pattern Recognition, Automated;Reproducibility of Results;Sensitivity and Specificity},
doi={10.1109/TPAMI.2009.167},
ISSN={0162-8828},
month={Sept},}

@INPROCEEDINGS{Lazebnik,
author={S. Lazebnik and C. Schmid and J. Ponce},
booktitle={Proceedings of the IEEE Conference on Computer Vision and Pattern Recognition},
title={Beyond Bags of Features: Spatial Pyramid Matching for Recognizing Natural Scene Categories},
year={2006},
volume={2},
number={},
pages={2169-2178},
keywords={Histograms;Image databases;Image recognition;Image representation;Image segmentation;Layout;Object recognition;Robustness;Shape;Spatial databases},
doi={10.1109/CVPR.2006.68},
ISSN={1063-6919},
month={},}

@INPROCEEDINGS{Dalal,
author={N. Dalal and B. Triggs},
booktitle={Proceedings of the IEEE Computer Society Conference on Computer Vision and Pattern Recognition},
title={Histograms of oriented gradients for human detection},
year={2005},
pages={886-893},
keywords={feature extraction;gradient methods;object detection;object recognition;support vector machines;coarse spatial binning;contrast normalization;edge based descriptors;fine orientation binning;fine-scale gradients;gradient based descriptors;histograms of oriented gradients;human detection;linear SVM;overlapping descriptor;pedestrian database;robust visual object recognition;High performance computing;Histograms;Humans;Image databases;Image edge detection;Object detection;Object recognition;Robustness;Support vector machines;Testing},
doi={10.1109/CVPR.2005.177},
ISSN={1063-6919},
month={June},}

@article{Bredenbeek1993,
 author = {P. J. Bredenbeek and I. Frolov and C. M. Rice and S. Schlesinger},
 journal = {Journal of Virology},
 number = {11},
 pages = {6439-6446},
 publisher = {[International Biometric Society, Wiley]},
 title = {Sindbis virus expression vectors: packaging of {RNA} replicons by using defective helper {RNAs}},
 volume = {67},
 year = {1993}
}

@INPROCEEDINGS{Gosain2017,
author={Anjana Gosain and Saanchi Sardana},
booktitle={Proceedings of the International Conference on Advances in Computing, Communications and Informatics},
title={Handling class imbalance problem using oversampling techniques: a review},
year={2017},
pages={79-85}
}

@article{Saez2015,
 author = {J. A. S{\'a}ez and J. Luengo and J. Stefanowski and F. Herrera},
 journal = {Information Sciences},
 pages = {184-203},
 title = {{SMOTE-IPF}: Addressing the noisy and borderline examples problem in imbalanced classification by a re-sampling method with filtering},
 volume = {291},
 year = {2015}
}

@article{CForest,
 author = {Carolin Strobl and Torsten Hothorn and Achim Zeileis},
 journal = {The R Journal},
 number = {2},
 pages = {14-17},
 title = {A New, Conditional Variable Importance Measure for Random Forests Available in the party Package},
 volume = {1},
 year = {2009}
}

@article{Finner1993,
author = {Finner, H.},
title = {On a Monotonicity Problem in Step-Down Multiple Test Procedures},
journal = {Journal of the American Statistical Association},
volume = {88},
number = {423},
pages = {920-923},
year = {1993},
doi = {10.1080/01621459.1993.10476358},
}

@article{Breiman2001,
 author = {Breiman, Leo},
 title = {Random Forests},
 journal = {Machine Learning},
 volume = {45},
 number = {1},
 month = oct,
 year = {2001},
 issn = {0885-6125},
 pages = {5-32},
 numpages = {28},
 url = {https://doi.org/10.1023/A:1010933404324},
 doi = {10.1023/A:1010933404324},
 acmid = {570182},
 publisher = {Kluwer Academic Publishers},
 address = {Hingham, MA, USA},
 keywords = {classification, ensemble, regression},
}

@Comment{jabref-meta: databaseType:bibtex;}
