@preamble{ " \newcommand{\noop}[1]{} " } 

@incollection{doucet2001introduction,
  title={An introduction to sequential {Monte Carlo} methods},
  author={Doucet, Arnaud and De Freitas, Nando and Gordon, Neil},
  booktitle={Sequential Monte Carlo Methods in Practice},
  pages={3--14},
  year={2001},
  publisher={Springer}
}

@incollection{frangi1998multiscale,
  title={Multiscale vessel enhancement filtering},
  author={Frangi, Alejandro F and Niessen, Wiro J and Vincken, Koen L and Viergever, Max A},
  booktitle={Proceedings of the International Conference on Medical Image Computing and Computer-Assisted Interventation},
  pages={130--137},
  year={1998},
  publisher={Springer}
}

@article{donohue2011automated,
  title={Automated reconstruction of neuronal morphology: an overview},
  author={Donohue, Duncan E and Ascoli, Giorgio A},
  journal={Brain Research Reviews},
  volume={67},
  number={1},
  pages={94--102},
  year={2011},
  publisher={Elsevier}
}

@inproceedings{radojevic2015automated,
  title={Automated neuron morphology reconstruction using fuzzy-logic detection and {B}ayesian tracing algorithms},
  author={Radojevi{\'c}, Miroslav and Smal, Ihor and Meijering, Erik},
  booktitle={Proceedings of the IEEE International Symposium on Biomedical Imaging},
  pages={885--888},
  year={2015},
  organization={IEEE}
}

@book{kandel2000principles,
  title={Principles of Neural Science},
  author={Kandel, Eric R and Schwartz, James H and Jessell, Thomas M and Siegelbaum, Steven A and Hudspeth, AJ},
  year={2012},
  publisher={McGraw-Hill}
}

@book{ascoli2002computational,
  title={Computational Neuroanatomy: Principles and Methods},
  author={Ascoli, Giorgio A},
  year={2002},
  publisher={Springer Science \& Business Media}
}

@article{liu2016rivulet,
  title={Rivulet: {3D} Neuron Morphology Tracing with Iterative Back-Tracking},
  author={Liu, Siqi and Zhang, Donghao and Liu, Sidong and Feng, Dagan and Peng, Hanchuan and Cai, Weidong},
  journal={Neuroinformatics},
  volume  = {14},
  number  = {4},
  pages   = {387-401},
  year={2016},
  publisher={Springer}
}

@book{ascoli2015trees,
  title={Trees of the Brain, Roots of the Mind},
  author={Ascoli, Giorgio A},
  year={2015},
  publisher={MIT Press}
}

@article{meijering2010neuron,
  title={Neuron tracing in perspective},
  author={Meijering, Erik},
  journal={Cytometry Part A},
  volume={77},
  number={7},
  pages={693--704},
  year={2010},
  publisher={Wiley Online Library}
}

@article{donohue2008comparative,
  title={A comparative computer simulation of dendritic morphology},
  author={Donohue, Duncan E and Ascoli, Giorgio A},
  journal={PLoS Computational Biology},
  volume={4},
  number={6},
  pages={e1000089},
  year={2008},
  publisher={Public Library of Science}
}

@article{halavi2012digital,
  title={Digital reconstructions of neuronal morphology: three decades of research trends},
  author={Halavi, Maryam and Hamilton, Kelly A and Parekh, Ruchi and Ascoli, Giorgio A},
  journal={Frontiers in Neuroscience},
  volume={6},
  number={49},
  pages={1--11},
  year={2012},
  publisher={Citeseer}
}

@article{acciai2016automated,
  title={Automated neuron tracing methods: an updated account},
  author={Acciai, Ludovica and Soda, Paolo and Iannello, Giulio},
  journal={Neuroinformatics},
  volume={14},
  number={4},
  pages={353--367},
  year={2016},
  publisher={Springer}
}

@inproceedings{radojevie2015automated,
  title={Automated neuron morphology reconstruction using fuzzy-logic detection and Bayesian tracing algorithms},
  author={Radojevi{\'e}, Miroslav and Smal, Ihor and Meijering, Erik},
  booktitle={2015 IEEE 12th International Symposium on Biomedical Imaging (ISBI)},
  pages={885--888},
  year={2015},
  organization={IEEE}
}

@article{gillette2011diademchallenge,
  title={{DIADEMchallenge.Org}: a compendium of resources fostering the continuous development of automated neuronal reconstruction},
  author={Gillette, Todd A and Brown, Kerry M and Svoboda, Karel and Liu, Yuan and Ascoli, Giorgio A},
  journal={Neuroinformatics},
  volume={9},
  number={2},
  pages={303--304},
  year={2011},
  publisher={Springer}
}

@article{santamaria2015automatic,
  title={Automatic morphological reconstruction of neurons from multiphoton and confocal microscopy images using {3D} tubular models},
  author={Santamar{\'\i}a-Pang, Alberto and Hernandez-Herrera, Paul and Papadakis, Manos and Saggau, Peter and Kakadiaris, Ioannis A},
  journal={Neuroinformatics},
  volume={13},
  number={3},
  pages={297--320},
  year={2015},
  publisher={Springer}
}

@article{zhao2011automated,
  title={Automated reconstruction of neuronal morphology based on local geometrical and global structural models},
  author={Zhao, Ting and Xie, Jun and Amat, Fernando and Clack, Nathan and Ahammad, Parvez and Peng, Hanchuan and Long, Fuhui and Myers, Eugene},
  journal={Neuroinformatics},
  volume={9},
  number={2-3},
  pages={247--261},
  year={2011},
  publisher={Springer}
}

@article{peng2011proof,
  title={Proof-editing is the bottleneck of {3D} neuron reconstruction: the problem and solutions},
  author={Peng, Hanchuan and Long, Fuhui and Zhao, Ting and Myers, Eugene},
  journal={Neuroinformatics},
  volume={9},
  number={2},
  pages={103--105},
  year={2011},
  publisher={Springer}
}

@article{mukherjee2015tubularity,
  title={Tubularity flow field -- a technique for automatic neuron segmentation},
  author={Mukherjee, Suvadip and Condron, Barry and Acton, Scott T},
  journal={IEEE Transactions on Image Processing},
  volume={24},
  number={1},
  pages={374--389},
  year={2015},
  publisher={IEEE}
}

@article{chen2015smarttracing,
  title={{SmartTracing}: self-learning-based neuron reconstruction},
  author={Chen, Hanbo and Xiao, Hang and Liu, Tianming and Peng, Hanchuan},
  journal={Brain Informatics},
  volume={2},
  number={3},
  pages={135--144},
  year={2015},
  publisher={Springer}
}

@article{turetken2011automated,
  title={Automated reconstruction of dendritic and axonal trees by global optimization with geometric priors},
  author={T{\"u}retken, Engin and Gonz{\'a}lez, Germ{\'a}n and Blum, Christian and Fua, Pascal},
  journal={Neuroinformatics},
  volume={9},
  number={2-3},
  pages={279--302},
  year={2011},
  publisher={Springer}
}

@article{cohen1997global,
  title={Global minimum for active contour models: a minimal path approach},
  author={Cohen, Laurent D and Kimmel, Ron},
  journal={International Journal of Computer Vision},
  volume={24},
  number={1},
  pages={57--78},
  year={1997},
  publisher={Springer}
}

@Article{cohen1994,
  author  = {A. R. Cohen and B. Roysam and J. N. Turner},
  title   = {Automated tracing and volume measurements of neurons from {3D} confocal fluorescence microscopy data},
  journal = {Journal of Microscopy},
  year    = {1994},
  volume  = {173},
  number  = {2},
  pages   = {103-114}
}

@article{basu2016neurite,
  title={Neurite tracing with object process},
  author={Basu, Sreetama and Ooi, Wei Tsang and Racoceanu, Daniel},
  journal={IEEE Transactions on Medical Imaging},
  volume={35},
  number={6},
  pages={1443--1451},
  year={2016},
  publisher={IEEE}
}

@article{choromanska2012automatic,
  title={Automatic reconstruction of neural morphologies with multi-scale tracking},
  author={Choromanska, Anna and Chang, Shih-Fu and Yuste, Rafael},
  journal={Frontiers in Neural Circuits},
  volume={6},
  pages={25},
  year={2012},
  publisher={Frontiers}
}

@article{myatt2012neuromantic,
  title={Neuromantic--from semi-manual to semi-automatic reconstruction of neuron morphology},
  author={Myatt, Darren and Hadlington, Tye and Ascoli, Giorgio and Nasuto, Slawomir},
  journal={Frontiers in neuroinformatics},
  volume={6},
  pages={4},
  year={2012},
  publisher={Frontiers}
}

@book{thomas2001introduction,
  title={Introduction to Algorithms},
  author={Thomas H.. Cormen and Leiserson, Charles Eric and Rivest, Ronald L and Stein, Clifford},
  year={2001},
  publisher={MIT Press}
}

@article{longair2011simple,
  title={{Simple Neurite Tracer}: open source software for reconstruction, visualization and analysis of neuronal processes},
  author={Longair, Mark H and Baker, Dean A and Armstrong, J Douglas},
  journal={Bioinformatics},
  volume={27},
  number={17},
  pages={2453--2454},
  year={2011},
  publisher={Oxford Univ Press}
}

@article{xiao2013app2,
  title={{APP2}: automatic tracing of {3D} neuron morphology based on hierarchical pruning of a gray-weighted image distance-tree},
  author={Xiao, Hang and Peng, Hanchuan},
  journal={Bioinformatics},
  volume={29},
  number={11},
  pages={1448--1454},
  year={2013},
  publisher={Oxford Univ Press}
}

@article{wang2011broadly,
  title={A broadly applicable {3-D} neuron tracing method based on open-curve snake},
  author={Wang, Yu and Narayanaswamy, Arunachalam and Tsai, Chia-Ling and Roysam, Badrinath},
  journal={Neuroinformatics},
  volume={9},
  number={2-3},
  pages={193--217},
  year={2011},
  publisher={Springer}
}

@article{yang2013distance,
  title={A distance-field based automatic neuron tracing method},
  author={Yang, Jinzhu and Gonzalez-Bellido, Paloma T and Peng, Hanchuan},
  journal={BMC Bioinformatics},
  volume={14},
  pages={93},
  year={2013},
  publisher={BioMed Central}
}

@article{peng2011automatic,
  title={Automatic {3D} neuron tracing using all-path pruning},
  author={Peng, Hanchuan and Long, Fuhui and Myers, Gene},
  journal={Bioinformatics},
  volume={27},
  number={13},
  pages={i239--i247},
  year={2011},
  publisher={Oxford Univ Press}
}

@article{ming2013rapid,
  title={Rapid reconstruction of {3D} neuronal morphology from light microscopy images with augmented rayburst sampling},
  author={Ming, Xing and Li, Anan and Wu, Jingpeng and Yan, Cheng and Ding, Wenxiang and Gong, Hui and Zeng, Shaoqun and Liu, Qian},
  journal={PloS ONE},
  volume={8},
  number={12},
  pages={e84557},
  year={2013},
  publisher={Public Library of Science}
}

@article{zhou2015adaptive,
  title={Adaptive image enhancement for tracing {3D} morphologies of neurons and brain vasculatures},
  author={Zhou, Zhi and Sorensen, Staci and Zeng, Hongkui and Hawrylycz, Michael and Peng, Hanchuan},
  journal={Neuroinformatics},
  volume={13},
  number={2},
  pages={153--166},
  year={2015},
  publisher={Springer}
}

@inproceedings{gonzalez2010delineating,
  title={Delineating trees in noisy {2D} images and {3D} image-stacks},
  author={Gonz{\'a}lez, Germ{\'a}n and T{\"u}retken, Engin and Fleuret, Francois  and Fua, Pascal},
  booktitle={Proceedings of the IEEE Conference on Computer Vision and Pattern Recognition},
  pages={2799--2806},
  year={2010},
  organization={IEEE}
}

@article{yuan2009mdl,
  title={{MDL} constrained {3-D} grayscale skeletonization algorithm for automated extraction of dendrites and spines from fluorescence confocal images},
  author={Yuan, Xiaosong and Trachtenberg, Joshua T and Potter, Steve M and Roysam, Badrinath},
  journal={Neuroinformatics},
  volume={7},
  number={4},
  pages={213--232},
  year={2009},
  publisher={Springer}
}

@inproceedings{turetken2012automated,
  title={Automated reconstruction of tree structures using path classifiers and mixed integer programming},
  author={T{\"u}retken, Engin and Benmansour, Fethallah and Fua, Pascal},
  booktitle={Computer Vision and Pattern Recognition (CVPR), 2012 IEEE Conference on},
  pages={566--573},
  year={2012},
  organization={IEEE}
}

@inproceedings{turetken2013reconstructing,
  title={Reconstructing loopy curvilinear structures using integer programming},
  author={T{\"u}retken, Engin and Benmansour, Fethallah and Andres, Bjoern and Pfister, Hanspeter and Fua, Pascal},
  booktitle={Proceedings of the IEEE Conference on Computer Vision and Pattern Recognition},
  pages={1822--1829},
  year={2013}
}

@inproceedings{basu2014reconstructing,
  title={Reconstructing neuronal morphology from microscopy stacks using fast marching},
  author={Basu, Sreetama and Racoceanu, Daniel},
  booktitle={Proceedings of the IEEE International Conference on Image Processing},
  pages={3597--3601},
  year={2014},
  organization={IEEE}
}

@article{ascoli2007neuromorpho,
  title={{NeuroMorpho.Org}: a central resource for neuronal morphologies},
  author={Ascoli, Giorgio A and Donohue, Duncan E and Halavi, Maryam},
  journal={Journal of Neuroscience},
  volume={27},
  number={35},
  pages={9247--9251},
  year={2007},
  publisher={Soc Neuroscience}
}

@article{lu2015quantitative,
  title={Quantitative arbor analytics: Unsupervised harmonic co-clustering of populations of brain cell arbors based on {L-Measure}},
  author={Lu, Yanbin and Carin, Lawrence and Coifman, Ronald and Shain, William and Roysam, Badrinath},
  journal={Neuroinformatics},
  volume={13},
  number={1},
  pages={47--63},
  year={2015},
  publisher={Springer}
}

@article{gala2014active,
  title={Active learning of neuron morphology for accurate automated tracing of neurites},
  author={Gala, Rohan and Chapeton, Julio and Jitesh, Jayant and Bhavsar, Chintan and Stepanyants, Armen},
  journal={Frontiers in Neuroanatomy},
  volume={8},
  pages={37},
  year={2014},
  publisher={Frontiers}
}

@article{senft2011brief,
  title={A brief history of neuronal reconstruction},
  author={Senft, Stephen L},
  journal={Neuroinformatics},
  volume={9},
  number={2},
  pages={119--128},
  year={2011},
  publisher={Springer}
}

@article{svoboda2011past,
  title={The past, present, and future of single neuron reconstruction},
  author={Svoboda, Karel},
  journal={Neuroinformatics},
  volume={9},
  number={2-3},
  pages={97-98},
  year={2011},
  publisher={Springer Science \& Business Media}
}

@article{jimenez2015improved,
  title={Improved automatic centerline tracing for dendritic and axonal structures},
  author={Jim{\'e}nez, David and Labate, Demetrio and Kakadiaris, Ioannis A and Papadakis, Manos},
  journal={Neuroinformatics},
  volume={13},
  number={2},
  pages={227--244},
  year={2015},
  publisher={Springer}
}

@article{quan2016neurogps,
  title={{NeuroGPS-Tree}: automatic reconstruction of large-scale neuronal populations with dense neurites},
  author={Quan, Tingwei and Zhou, Hang and Li, Jing and Li, Shiwei and Li, Anan and Li, Yuxin and Lv, Xiaohua and Luo, Qingming and Gong, Hui and Zeng, Shaoqun},
  journal={Nature Methods},
  volume={13},
  number={1},
  pages={51--54},
  year={2016},
  publisher={Nature Publishing Group}
}

@article{luo2015neuron,
  title={Neuron anatomy structure reconstruction based on a sliding filter},
  author={Luo, Gongning and Sui, Dong and Wang, Kuanquan and Chae, Jinseok},
  journal={BMC Bioinformatics},
  volume={16},
  pages={342},
  year={2015},
  publisher={BioMed Central}
}

@article{radojevic2016fuzzy,
  title={Fuzzy-Logic Based Detection and Characterization of Junctions and Terminations in Fluorescence Microscopy Images of Neurons},
  author={Radojevi{\'c}, Miroslav and Smal, Ihor and Meijering, Erik},
  journal={Neuroinformatics},
  volume={14},
  number={2},
  pages={201--219},
  year={2016},
  publisher={Springer}
}

@article{meijering2004design,
  title={Design and validation of a tool for neurite tracing and analysis in fluorescence microscopy images},
  author={Meijering, E and Jacob, M and Sarria, J-CF and Steiner, Pl and Hirling, H and Unser, M},
  journal={Cytometry Part A},
  volume={58},
  number={2},
  pages={167--176},
  year={2004},
  publisher={Wiley Online Library}
}

@article{azzopardi2013automatic,
  title={Automatic detection of vascular bifurcations in segmented retinal images using trainable COSFIRE filters},
  author={Azzopardi, George and Petkov, Nicolai},
  journal={Pattern Recognition Letters},
  volume={34},
  number={8},
  pages={922--933},
  year={2013},
  publisher={Elsevier}
}

@article{narayanaswamy20113,
  title={{3-D} image pre-processing algorithms for improved automated tracing of neuronal arbors},
  author={Narayanaswamy, Arunachalam and Wang, Yu and Roysam, Badrinath},
  journal={Neuroinformatics},
  volume={9},
  number={2-3},
  pages={219--231},
  year={2011},
  publisher={Springer}
}

@article{al2008improved,
  title={Improved detection of branching points in algorithms for automated neuron tracing from {3D} confocal images},
  author={Al-Kofahi, Yousef and Dowell-Mesfin, Natalie and Pace, Christopher and Shain, William and Turner, James N and Roysam, Badrinath},
  journal={Cytometry Part A},
  volume={73},
  number={1},
  pages={36--43},
  year={2008},
  publisher={Wiley Online Library}
}

@article{friman2010multiple,
  title={Multiple hypothesis template tracking of small {3D} vessel structures},
  author={Friman, Ola and Hindennach, Milo and K{\"u}hnel, Caroline and Peitgen, Heinz-Otto},
  journal={Medical Image Analysis},
  volume={14},
  number={2},
  pages={160--171},
  year={2010},
  publisher={Elsevier}
}

@inproceedings{myatt2006towards,
  title={Towards the automatic reconstruction of dendritic trees using particle filters},
  author={Myatt, DR and Nasuto, SJ and Maybank, SJ},
  booktitle={Nonlinear Statistical Signal Processing Workshop, 2006 IEEE},
  pages={193--196},
  year={2006},
  organization={IEEE}
}

@inproceedings{schaap2007bayesian,
  title={Bayesian tracking of elongated structures in {3D} images},
  author={Schaap, Michiel and Smal, Ihor and Metz, Coert and van Walsum, Theo and Niessen, Wiro},
  booktitle={Proceedings of the International Conference on Information Processing in Medical Imaging},
  pages={74--85},
  year={2007},
  organization={Springer}
}

@article{su2012junction,
  title={Junction detection for linear structures based on {Hessian}, correlation and shape information},
  author={Su, Ran and Sun, Changming and Pham, Tuan D},
  journal={Pattern Recognition},
  volume={45},
  number={10},
  pages={3695--3706},
  year={2012},
  publisher={Elsevier}
}

@article{glaser1965semi,
  title={A semi-automatic computer-microscope for the analysis of neuronal morphology},
  author={Glaser, EM and Van der Loos, H},
  journal={IEEE Transactions on Biomedical Engineering},
  volume={12},
  number={1},
  pages={22--31},
  year={1965},
  publisher={IEEE}
}

@article{peng2014extensible,
  title={Extensible visualization and analysis for multidimensional images using {Vaa3D}},
  author={Peng, Hanchuan and Bria, Alessandro and Zhou, Zhi and Iannello, Giulio and Long, Fuhui},
  journal={Nature Protocols},
  volume={9},
  number={1},
  pages={193--208},
  year={2014},
  publisher={Nature Publishing Group}
}

@article{luisi2011farsight,
  title={The {FARSIGHT} trace editor: an open source tool for {3-D} inspection and efficient pattern analysis aided editing of automated neuronal reconstructions},
  author={Luisi, Jonathan and Narayanaswamy, Arunachalam and Galbreath, Zachary and Roysam, Badrinath},
  journal={Neuroinformatics},
  volume={9},
  number={2},
  pages={305--315},
  year={2011},
  publisher={Springer}
}

@inproceedings{sironi2014multiscale,
  title={Multiscale centerline detection by learning a scale-space distance transform},
  author={Sironi, Amos and Lepetit, Vincent and Fua, Pascal},
  booktitle={Proceedings of the IEEE Conference on Computer Vision and Pattern Recognition},
  pages={2697--2704},
  year={2014},
  organization={IEEE}
}

@article{yan2013automated,
  title={Automated and accurate detection of soma location and surface morphology in large-scale {3D} neuron images},
  author={Yan, Cheng and Li, Anan and Zhang, Bin and Ding, Wenxiang and Luo, Qingming and Gong, Hui},
  journal={PloS ONE},
  volume={8},
  number={4},
  pages={e62579},
  year={2013},
  publisher={Public Library of Science}
}

@article{quan2013neurogps,
  title={{NeuroGPS}: automated localization of neurons for brain circuits using {L1} minimization model},
  author={Quan, Tingwei and Zheng, Ting and Yang, Zhongqing and Ding, Wenxiang and Li, Shiwei and Li, Jing and Zhou, Hang and Luo, Qingming and Gong, Hui and Zeng, Shaoqun},
  journal={Scientific Reports},
  volume={3},
  pages={1414},
  year={2013},
  publisher={Nature Publishing Group}
}

@article{cuntz2010one,
  title={One rule to grow them all: a general theory of neuronal branching and its practical application},
  author={Cuntz, Hermann and Forstner, Friedrich and Borst, Alexander and H{\"a}usser, Michael},
  journal={PLoS Computational Biology},
  volume={6},
  number={8},
  pages={e1000877},
  year={2010},
  publisher={Public Library of Science}
}

@article{peng2014virtual,
  title={Virtual finger boosts three-dimensional imaging and microsurgery as well as terabyte volume image visualization and analysis},
  author={Peng, Hanchuan and Tang, Jianyong and Xiao, Hang and Bria, Alessandro and Zhou, Jianlong and Butler, Victoria and Zhou, Zhi and Gonzalez-Bellido, Paloma T. and Oh, Seung W. and Chen, Jichao and Mitra, Ananya and Tsien, Richard W. and Zeng, Hongkui and Ascoli, Giorgio A. and Iannello, Giulio and Hawrylycz, Michael and Myers, Eugene and Long, Fuhui},
  journal={Nature Communications},
  volume={5},
  pages={4342},
  year={2014},
  publisher={Nature Publishing Group}
}

@article{zhou2016tremap,
  title={{TReMAP}: automatic {3D} neuron reconstruction based on tracing, reverse mapping and assembling of {2D} projections},
  author={Zhou, Zhi and Liu, Xiaoxiao and Long, Brian and Peng, Hanchuan},
  journal={Neuroinformatics},
  volume={14},
  number={1},
  pages={41--50},
  year={2016},
  publisher={Springer}
}

@article{wan2015blastneuron,
  title={BlastNeuron for automated comparison, retrieval and clustering of 3D neuron morphologies},
  author={Wan, Yinan and Long, Fuhui and Qu, Lei and Xiao, Hang and Hawrylycz, Michael and Myers, Eugene W and Peng, Hanchuan},
  journal={Neuroinformatics},
  volume={13},
  number={4},
  pages={487--499},
  year={2015},
  publisher={Springer}
}

@article{dercksen2014filament,
  title={The Filament Editor: an interactive software environment for visualization, proof-editing and analysis of {3D} neuron morphology},
  author={Dercksen, Vincent J and Hege, Hans-Christian and Oberlaender, Marcel},
  journal={Neuroinformatics},
  volume={12},
  number={2},
  pages={325--339},
  year={2014},
  publisher={Springer}
}

@article{powers2011evaluation,
  author  = {D. M. W. Powers},
  title   = {Evaluation: from precision, recall, and {F}-measure to {ROC}, informedness, markedness and correlation},
  journal = {Journal of Machine Learning Technologies},
  year    = {2011},
  volume  = {2},
  number  = {1},
  pages   = {37-63}
}

@article{leandro2009automatic,
  title={Automatic contour extraction from {2D} neuron images},
  author={Leandro, Jorge JG and Cesar-Jr, Roberto M and Costa, L da F},
  journal={Journal of Neuroscience Methods},
  volume={177},
  number={2},
  pages={497--509},
  year={2009},
  publisher={Elsevier}
}

@article{schmitt2004new,
  title={New methods for the computer-assisted {3-D} reconstruction of neurons from confocal image stacks},
  author={Schmitt, Stephan and Evers, Jan Felix and Duch, Carsten and Scholz, Michael and Obermayer, Klaus},
  journal={Neuroimage},
  volume={23},
  number={4},
  pages={1283--1298},
  year={2004},
  publisher={Elsevier}
}

@article{weaver2004automated,
  title={Automated algorithms for multiscale morphometry of neuronal dendrites},
  author={Weaver, Christina M and Hof, Patrick R and Wearne, Susan L and Lindquist, W Brent},
  journal={Neural computation},
  volume={16},
  number={7},
  pages={1353--1383},
  year={2004},
  publisher={MIT Press}
}

@article{arulampalam2002tutorial,
  title={A tutorial on particle filters for online nonlinear/non-{G}aussian {B}ayesian tracking},
  author={Arulampalam, M Sanjeev and Maskell, Simon and Gordon, Neil and Clapp, Tim},
  journal={IEEE Transactions on Signal Processing},
  volume={50},
  number={2},
  pages={174--188},
  year={2002},
  publisher={IEEE}
}

@book{sarkka2013bayesian,
  title={Bayesian filtering and smoothing},
  author={S{\"a}rkk{\"a}, Simo},
  volume={3},
  year={2013},
  publisher={Cambridge University Press}
}

@article{doucet2000sequential,
  title={On sequential {Monte Carlo} sampling methods for {B}ayesian filtering},
  author={Doucet, Arnaud and Godsill, Simon and Andrieu, Christophe},
  journal={Statistics and Computing},
  volume={10},
  number={3},
  pages={197--208},
  year={2000},
  publisher={Springer}
}

@article{kitagawa1996monte,
  title={{Monte Carlo} filter and smoother for non-{G}aussian nonlinear state space models},
  author={Kitagawa, Genshiro},
  journal={Journal of Computational and Graphical Statistics},
  volume={5},
  number={1},
  pages={1--25},
  year={1996},
  publisher={Taylor \& Francis}
}

@article{peng2010v3d,
  title={{V3D} enables real-time {3D} visualization and quantitative analysis of large-scale biological image data sets},
  author={Peng, Hanchuan and Ruan, Zongcai and Long, Fuhui and Simpson, Julie H and Myers, Eugene W},
  journal={Nature Biotechnology},
  volume={28},
  number={4},
  pages={348--353},
  year={2010},
  publisher={Nature Publishing Group}
}

@inproceedings{mukherjee2013vector,
  title={Vector field convolution medialness applied to neuron tracing},
  author={Mukherjee, Sayan and Acton, Scott T},
  booktitle={Proceedings of the IEEE International Conference on Image Processing},
  pages={665--669},
  year={2013},
  organization={IEEE}
}

@article{sironi2016multiscale,
  title={Multiscale Centerline Detection},
  author={Sironi, Amos and T{\"u}retken, Engin and Lepetit, Vincent and Fua, Pascal},
  journal={IEEE Transactions on Pattern Analysis and Machine Intelligence},
  volume={38},
  number={7},
  pages={1327--1341},
  year={2016},
  publisher={IEEE}
}

@inproceedings{wan2016automatic,
  title={An Automatic Neuron Tracing Method Based on Mean Shift and Minimum Spanning Tree},
  author={Wan, Zhijiang and He, Yishan and Hao, Ming and Yang, Jian and Zhong, Ning},
  booktitle={International Conference on Brain and Health Informatics},
  pages={34--41},
  year={2016},
  organization={Springer}
}

@article{radojevic2017automated,
  author  = {Radojevi{\'c}, Miroslav and Meijering, Erik},
  title   = {Automated neuron tracing using probability hypothesis density filtering},
  journal = {Bioinformatics},
  year    = {2017},
  volume  = {33},
  number  = {7},
  pages   = {1073-1080}
}

@inproceedings{radojevic2017neuron,
  title={Neuron reconstruction from fluorescence microscopy images using sequential {Monte Carlo} estimation},
  author={Radojevi{\'c}, Miroslav and Meijering, Erik},
  booktitle={Proceedings of the IEEE International Symposium on Biomedical Imaging},
  pages={36--39},
  year={2017},
  organization={IEEE}
}

@article{peng2015bigneuron,
  title={{BigNeuron}: large-scale {3D} neuron reconstruction from optical microscopy images},
  author={Peng, Hanchuan and Hawrylycz, Michael and Roskams, Jane and Hill, Sean and Spruston, Nelson and Meijering, Erik and Ascoli, Giorgio A},
  journal={Neuron},
  volume={87},
  number={2},
  pages={252--256},
  year={2015},
  month={July},
  publisher={Elsevier}
}

@Article{peng2015diadem2bigneuron,
  author  = {Peng, Hanchuan and Meijering, Erik and Ascoli, Giorgio A.},
  title   = {From {DIADEM} to {BigNeuron}},
  journal = {Neuroinformatics},
  year    = {2015},
  volume  = {13},
  number  = {3},
  pages   = {259-260}
}

@book{ristic2004beyond,
  title={Beyond the Kalman Filter: Particle Filters for Tracking Applications},
  author={Ristic, Branko and Arulampalam, Sanjeev and Gordon, Neil James},
  year={2004},
  publisher={Artech House},
  address={Boston, MA}
}

@Article{cheng1995mean,
  Title                    = {Mean shift, mode seeking, and clustering},
  Author                   = {Cheng, Yizong},
  Journal                  = {IEEE Transactions on Pattern Analysis and Machine Intelligence},
  Year                     = {1995},
  Month                    = {August},
  Number                   = {8},
  Pages                    = {790--799},
  Volume                   = {17},
  Publisher                = {IEEE},
  File                     = {:cheng1995mean.pdf:PDF}
}

@article{kong1994sequential,
  title={Sequential imputations and {Bayesian} missing data problems},
  author={Kong, Augustine and Liu, Jun S and Wong, Wing Hung},
  journal={Journal of the American Statistical Association},
  volume={89},
  number={425},
  pages={278--288},
  year={1994},
  month={March},
  publisher={Taylor \& Francis}
}

@article{cannon1998line,
  title={An on-line archive of reconstructed hippocampal neurons},
  author={Cannon, RC and Turner, DA and Pyapali, GK and Wheal, HV},
  journal={Journal of Neuroscience Methods},
  volume={84},
  number={1},
  pages={49--54},
  year={1998},
  publisher={Elsevier}
}

@article{stockley1993system,
  title={A system for quantitative morphological measurement and electrotonic modelling of neurons: three-dimensional reconstruction},
  author={Stockley, EW and Cole, HM and Brown, AD and Wheal, HV},
  journal={Journal of Neuroscience Methods},
  volume={47},
  number={1},
  pages={39--51},
  year={1993},
  publisher={Elsevier}
}

@article{li2017deep,
  title={Deep Learning Segmentation of Optical Microscopy Images Improves {3-D} Neuron Reconstruction},
  author={Li, Rongjian and Zeng, Tao and Peng, Hanchuan and Ji, Shuiwang},
  journal={IEEE Transactions on Medical Imaging},
  volume={36},
  number={7},
  pages={1533--1541},
  year={2017},
  publisher={IEEE}
}

@article{peng2016automatic,
  author  = {Peng, Hanchuan and Zhou, Zhi and Meijering, Erik and Zhao, Ting and Ascoli, Giorgio A. and Hawrylycz, Michael},
  title   = {Automatic tracing of ultra-volumes of neuronal images},
  journal = {Nature Methods},
  year    = {2017},
  volume  = {14},
  number  = {4},
  pages   = {332-333}
}

@article{brown2011diadem,
  title={The {DIADEM} data sets: representative light microscopy images of neuronal morphology to advance automation of digital reconstructions},
  author={Brown, Kerry M and Barrionuevo, Germ{\'a}n and Canty, Alison J and De Paola, Vincenzo and Hirsch, Judith A and Jefferis, Gregory SXE and Lu, Ju and Snippe, Marjolein and Sugihara, Izumi and Ascoli, Giorgio A},
  journal={Neuroinformatics},
  volume={9},
  number={2-3},
  pages={143--157},
  year={2011},
  publisher={Springer}
}

@Article{capowski1981,
  author  = {J. J. Capowski and M. J. Sedivec},
  title   = {Accurate computer reconstruction and graphics display of complex neurons utilizing state-of-the-art interactive techniques},
  journal = {Computers and Biomedical Research},
  year    = {1981},
  volume  = {14},
  number  = {6},
  pages   = {518-532}
}

@Article{glaser1990,
  author  = {J. R. Glaser and E. M. Glaser},
  title   = {Neuron imaging with {N}eurolucida --- {A PC}-based system for image combining microscopy},
  journal = {Computerized Medical Imaging and Graphics},
  year    = {1990},
  volume  = {14},
  number  = {5},
  pages   = {307-317},
  month   = SEP,
  doi     = {10.1016/0895-6111(90)90105-K},
  file    = {Glaser-1990.pdf:Glaser-1990.pdf:PDF},
  groups  = {Neuron Analysis},
  pmid    = {2224829},
}

@Article{masseroli1993,
  author  = {M. Masseroli and A. Bollea and G. Forloni},
  title   = {Quantitative morphology and shape classification of neurons by computerized image analysis},
  journal = {Computer Methods and Programs in Biomedicine},
  year    = {1993},
  volume  = {41},
  number  = {2},
  pages   = {89-99}
}

@Article{belichenko1995,
  author  = {P. V. Belichenko and A. Dahlstr{\"o}m},
  title   = {Confocal laser scanning microscopy and {3-D} reconstructions of neuronal structures in human brain cortex},
  journal = {NeuroImage},
  year    = {1995},
  volume  = {2},
  number  = {3},
  pages   = {201-207}
}

@Article{xiong2006,
  author  = {G. Xiong and X. Zhou and A. Degterev and L. Ji and S. T. C. Wong},
  title   = {Automated neurite labeling and analysis in fluorescence microscopy images},
  journal = {Cytometry Part A},
  year    = {2006},
  volume  = {69},
  number  = {6},
  pages   = {494-505}
}

@Article{schneider2012,
  author  = {C. A. Schneider and W. S. Rasband and K. W. Eliceiri},
  title   = {{NIH Image to ImageJ}: 25 years of image analysis},
  journal = {Nature Methods},
  year    = {2012},
  volume  = {9},
  number  = {7},
  pages   = {671-675},
  doi     = {10.1038/nmeth.2089}
}

@InCollection{sheppard2006,
  author    = {C. J. R. Sheppard and X. Gan and M. Gu and M. Roy},
  title     = {Signal-to-noise ratio in confocal microscopes},
  booktitle = {Handbook of Biological Confocal Microscopy},
  publisher = {Springer},
  year      = {2006},
  editor    = {J. B. Pawley},
  chapter   = {22},
  pages     = {442-452},
  address   = {New York},
  edition   = {3rd}
}

@book{burger2016digital,
	title={Digital Image Processing: An Algorithmic Introduction Using Java},
	author={Burger, Wilhelm and Burge, Mark J.},
	year={2016},
	publisher={Springer}
}

@Book{imagejguide,
	title = {ImageJ User Guide},
	author = {Tiago Ferreira and Wayne Rasband},
	year = {2012},
	publisher = {National Institutes of Health}
}