@article{vo2005sequential,
  title={Sequential {M}onte {C}arlo methods for multitarget filtering with random finite sets},
  author={Vo, Ba-Ngu and Singh, Sumeetpal and Doucet, Arnaud},
  journal={IEEE Transactions on Aerospace and Electronic Systems},
  volume={41},
  number={4},
  pages={1224--1245},
  year={2005},
  publisher={IEEE}
}

@inproceedings{ristic2010improved,
  title={Improved {SMC} implementation of the {PHD} filter},
  author={Ristic, Branko and Clark, Daniel and Vo, Ba-Ngu},
  booktitle={Proceedings of the 13th Conference on Information Fusion},
  pages={1--8},
  year={2010}
}

@inproceedings{vo2003sequential,
  title={Sequential {M}onte {C}arlo implementation of the {PHD} filter for multi-target tracking},
  author={Vo, Ba-Ngu and Singh, Sumeetpal and Doucet, Arnaud},
  booktitle={Proceedings of the International Conference on Information Fusion},
  pages={792--799},
  year={2003}
}

@Article{friman2010multiple,
  Title                    = {Multiple hypothesis template tracking of small {3D} vessel structures},
  Author                   = {Friman, Ola and Hindennach, Milo and K{\"u}hnel, Caroline and Peitgen, Heinz-Otto},
  Journal                  = {Medical Image Analysis},
  Year                     = {2010},
  Number                   = {2},
  Pages                    = {160--171},
  Volume                   = {14},
  Publisher                = {Elsevier}
}

@Article{xiao2013app2,
  Title                    = {{APP2}: automatic tracing of {3D} neuron morphology based on hierarchical pruning of a gray-weighted image distance-tree},
  Author                   = {Xiao, Hang and Peng, Hanchuan},
  Journal                  = {Bioinformatics},
  Year                     = {2013},
  Number                   = {11},
  Pages                    = {1448--1454},
  Volume                   = {29},
  Publisher                = {Oxford Univ Press}
}

@article{peng2015diadem,
  author = {Peng, Hanchuan and Meijering, Erik and Ascoli, Giorgio A.},
  title = {From {DIADEM} to {BigNeuron}},
  journal={Neuroinformatics},
  year = {2015},
  volume = {13},
  pages = {259-260},
  number = {3},
  doi = {10.1007/s12021-015-9270-9},
  pmid = {25920534}
}

@inproceedings{juang2009tracking,
  title={Tracking cell motion using {GM-PHD}},
  author={Juang, Radford Ray and Levchenko, Andre and Burlina, Philippe},
  booktitle={Proceedings of the IEEE International Symposium on Biomedical Imaging: From Nano to Macro},
  pages={1154--1157},
  year={2009}
}

@article{maggio2008efficient,
  title={Efficient multitarget visual tracking using random finite sets},
  author={Maggio, Emilio and Taj, Murtaza and Cavallaro, Andrea},
  journal={IEEE Transactions on Circuits and Systems for Video Technology},
  volume={18},
  number={8},
  pages={1016--1027},
  year={2008},
  publisher={IEEE}
}

@inproceedings{pham2007tracking,
  title={Tracking multiple objects using probability hypothesis density filter and color measurements},
  author={Pham, Nam Trung and Huang, Weimin and Ong, Sim Heng},
  booktitle={Proceedings of the IEEE International Conference on Multimedia and Expo},
  pages={1511--1514},
  year={2007}
}

@book{mahler2007statistical,
  title={Statistical Multisource-Multitarget Information Fusion},
  author={Mahler, Ronald P S},
  year={2007},
  publisher={Artech House, Inc.},
  address={Boston, MA}
}

@book{stone2013bayesian,
  title={Bayesian Multiple Target Tracking},
  author={Stone, Lawrence D and Streit, Roy L and Corwin, Thomas L and Bell, Kristine L},
  year={2013},
  publisher={Artech House},
  address={Boston, MA}
}

@inproceedings{glass2012mimo,
  title={MIMO radar target tracking using the probability hypothesis density filter},
  author={Glass, John D and Lanterman, Aaron D},
  booktitle={Aerospace Conference, 2012 IEEE},
  pages={1--8},
  year={2012},
  organization={IEEE}
}

@inproceedings{clark2005phd,
  title={PHD filter multi-target tracking in 3D sonar},
  author={Clark, Daniel Edward and Bell, Judith and de Saint-Pern, Yves and Petillot, Yvan},
  booktitle={Oceans 2005-Europe},
  volume={1},
  pages={265--270},
  year={2005},
  organization={IEEE}
}

@article{meijering2010neuron,
  title={Neuron tracing in perspective},
  author={Meijering, Erik},
  journal={Cytometry Part A},
  volume={77},
  number={7},
  pages={693--704},
  year={2010},
  publisher={Wiley Online Library}
}

@Article{donohue2011automated,
  Title                    = {Automated reconstruction of neuronal morphology: an overview},
  Author                   = {Donohue, Duncan E and Ascoli, Giorgio A},
  Journal                  = {Brain Research Reviews},
  Year                     = {2011},
  Number                   = {1},
  Pages                    = {94--102},
  Volume                   = {67},
  Publisher                = {Elsevier}
}

@article{gillette2011diademchallenge,
  title={{DIADEMchallenge.Org}: a compendium of resources fostering the continuous development of automated neuronal reconstruction},
  author={Gillette, Todd A and Brown, Kerry M and Svoboda, Karel and Liu, Yuan and Ascoli, Giorgio A},
  journal={Neuroinformatics},
  volume={9},
  number={2},
  pages={303--304},
  year={2011},
  publisher={Springer}
}

@inproceedings{sato19973d,
  title={3D multi-scale line filter for segmentation and visualization of curvilinear structures in medical images},
  author={Sato, Yoshinobu and Nakajima, Shin and Atsumi, Hideki and Koller, Thomas and Gerig, Guido and Yoshida, Shigeyuki and Kikinis, Ron},
  booktitle={CVRMed-MRCAS'97},
  pages={213--222},
  year={1997},
  organization={Springer}
}

@ARTICLE{Sato-1998,
  author = {Y. Sato and S. Nakajima and N. Shiraga and H. Atsumi and S. Yoshida and T. Koller and G. Gerig and R. Kikinis},
  title = {Three-dimensional multi-scale line filter for segmentation and visualization of curvilinear structures in medical images},
  journal = {Medical Image Analysis},
  year = {1998},
  volume = {2},
  pages = {143-168},
  number = {2},
  doi = {10.1016/S1361-8415(98)80009-1},
  pmid = {10646760}
}

@book{goodman2013mathematics,
  title={Mathematics of Data Fusion},
  author={Goodman, Irwin R and Mahler, Ronald P and Nguyen, Hung T},
  year={2013},
  address={New York, NY},
  publisher={Springer Science \& Business Media}
}

@Article{brown2011diadem,
  Title                    = {The {DIADEM} data sets: representative light microscopy images of neuronal morphology to advance automation of digital reconstructions},
  Author                   = {Brown, Kerry M. and Barrionuevo, Germ{\'a}n and Canty, Alison J. and De Paola, Vincenzo and Hirsch, Judith A. and Jefferis, Gregory S. X. E. and Lu, Ju and Snippe, Marjolein and Sugihara, Izumi and Ascoli, Giorgio A.},
  Journal                  = {Neuroinformatics},
  Year                     = {2011},
  Number                   = {2-3},
  Pages                    = {143--157},
  Volume                   = {9},
  Publisher                = {Springer}
}

@Article{steiner2002overexpression,
  Title                    = {Overexpression of neuronal {Sec1} enhances axonal branching in hippocampal neurons},
  Author                   = {Steiner, P. and Sarria, J.-C. F. and Huni, B. and Marsault, R. and Catsicas, S. and Hirling, H.},
  Journal                  = {Neuroscience},
  Year                     = {2002},
  Number                   = {4},
  Pages                    = {893--905},
  Volume                   = {113},
  Publisher                = {Elsevier}
}

@inproceedings{turetken2012automated,
  title={Automated reconstruction of tree structures using path classifiers and mixed integer programming},
  author={T{\"u}retken, E and Benmansour, Fethallah and Fua, Pascal},
  booktitle={Proceedings of the IEEE Conference on Computer Vision and Pattern Recognition},
  pages={566--573},
  year={2012},
  File = {:turetken2012automated.pdf:PDF}
}

@article{gala2014active,
  title={Active learning of neuron morphology for accurate automated tracing of neurites},
  author={Gala, Rohan and Chapeton, Julio and Jitesh, Jayant and Bhavsar, Chintan and Stepanyants, Armen},
  journal={Frontiers in Neuroanatomy},
  volume={8},
  number={37},
  year={2014},
  publisher={Frontiers Media SA},
  File = {:gala2014active.pdf:PDF}
}

@article{clark2007particle,
  title={Particle {PHD} filter multiple target tracking in sonar image},
  author={Clark, Daniel and Ruiz, Ioseba Tena and Petillot, Yvan and Bell, Jonathan},
  journal={IEEE Transactions on Aerospace and Electronic Systems},
  volume={43},
  number={1},
  pages={409--416},
  year={2007},
  publisher={IEEE}
}

@inproceedings{mullane2008random,
  title={A random set formulation for {B}ayesian {SLAM}},
  author={Mullane, John and Vo, Ba-Ngu and Adams, Martin D and Wijesoma, Wijerupage Sardha},
  booktitle={Proceedings of the IEEE/RSJ International Conference on Intelligent Robots and Systems},
  pages={1043--1049},
  year={2008}
}

@inproceedings{battistelli2008traffic,
  title={Traffic intensity estimation via {PHD} filtering},
  author={Battistelli, G and Chisci, L and Morrocchi, S and Papi, F and Benavoli, A and Di Lallo, A and Farina, A and Graziano, A},
  booktitle={Proceedings of the European Radar Conference},
  pages={340--343},
  year={2008}
}

@article{arulampalam2002tutorial,
  title={A tutorial on particle filters for online nonlinear/non-{G}aussian {B}ayesian tracking},
  author={Arulampalam, M Sanjeev and Maskell, Simon and Gordon, Neil and Clapp, Tim},
  journal={IEEE Transactions on Signal Processing},
  volume={50},
  number={2},
  pages={174--188},
  year={2002},
  publisher={IEEE}
}

@book{sarkka2013bayesian,
  title={Bayesian Filtering and Smoothing},
  author={S{\"a}rkk{\"a}, Simo},
  year={2013},
  publisher={Cambridge University Press},
  address={Cambridge, UK}
}

@book{bar2004estimation,
  title={Estimation with Applications to Tracking and Navigation: Theory, Algorithms and Software},
  author={Bar-Shalom, Yaakov and Li, X Rong and Kirubarajan, Thiagalingam},
  year={2001},
  address={New York, NY},
  publisher={John Wiley \& Sons}
}


@misc{bain2009fundamentals,
  title={Fundamentals of stochastic filtering, Stochastic modelling and applied probability, vol. 60},
  author={Bain, Alan and Crisan, Dan},
  year={2009},
  publisher={Springer}
}

@InProceedings{schaap2007bayesianmiccai,
  Title                    = {Bayesian tracking of tubular structures and its application to carotid arteries in {CTA}},
  Author                   = {Schaap, Michiel and Manniesing, Rashindra and Smal, Ihor and Van Walsum, Theo and Van Der Lugt, Aad and Niessen, Wiro},
  Booktitle                = {Proceedings of Medical Image Computing and Computer-Assisted Intervention},
  Year                     = {2007},
  Pages                    = {562--570}
}

@inproceedings{radojevic2015automated,
  title={Automated neuron morphology reconstruction using fuzzy-logic detection and {B}ayesian tracing algorithms},
  author={Radojevi{\'c}, Miroslav and Smal, Ihor and Meijering, Erik},
  booktitle={Proceedings of the IEEE International Symposium on Biomedical Imaging: From Macro to Nano},
  pages={885--888},
  year={2015}
}

@Article{yin2012retinal,
  Title                    = {Retinal vessel segmentation using a probabilistic tracking method},
  Author                   = {Yin, Yi and Adel, Mouloud and Bourennane, Salah},
  Journal                  = {Pattern Recognition},
  Year                     = {2012},
  Number                   = {4},
  Pages                    = {1235--1244},
  Volume                   = {45},
  Publisher                = {Elsevier}
}

@Article{abramoff2004image,
  Title                    = {Image processing with {ImageJ}},
  Author                   = {Abr{\`a}moff, Michael D and Magalh{\~a}es, Paulo J and Ram, Sunanda J},
  Journal                  = {Biophotonics International},
  Year                     = {2004},
  Number                   = {7},
  Pages                    = {36--43},
  Volume                   = {11},
  Publisher                = {LAURIN}
}

@Article{wang2011broadly,
  Title                    = {A broadly applicable {3-D} neuron tracing method based on open-curve snake},
  Author                   = {Wang, Yu and Narayanaswamy, Arunachalam and Tsai, Chia-Ling and Roysam, Badrinath},
  Journal                  = {Neuroinformatics},
  Year                     = {2011},
  Number                   = {2-3},
  Pages                    = {193--217},
  Volume                   = {9},
  Publisher                = {Springer}
}

@Article{chothani2011automated,
  Title                    = {Automated tracing of neurites from light microscopy stacks of images},
  Author                   = {Chothani, Paarth and Mehta, Vivek and Stepanyants, Armen},
  Journal                  = {Neuroinformatics},
  Year                     = {2011},
  Number                   = {2-3},
  Pages                    = {263--278},
  Volume                   = {9},
  Publisher                = {Springer}
}

@Article{zhao2011automated,
  Title                    = {Automated reconstruction of neuronal morphology based on local geometrical and global structural models},
  Author                   = {Zhao, Ting and Xie, Jun and Amat, Fernando and Clack, Nathan and Ahammad, Parvez and Peng, Hanchuan and Long, Fuhui and Myers, Eugene},
  Journal                  = {Neuroinformatics},
  Year                     = {2011},
  Number                   = {2-3},
  Pages                    = {247--261},
  Volume                   = {9},
  Publisher                = {Springer}
}

@article{turetken2011automated,
  title={Automated reconstruction of dendritic and axonal trees by global optimization with geometric priors},
  author={T{\"u}retken, Engin and Gonz{\'a}lez, Germ{\'a}n and Blum, Christian and Fua, Pascal},
  journal={Neuroinformatics},
  volume={9},
  number={2-3},
  pages={279--302},
  year={2011},
  publisher={Springer}
}

@inproceedings{zajic2003particle,
  title={Particle-systems implementation of the {PHD} multitarget-tracking filter},
  author={Zajic, Tim and Mahler, Ronald P S},
  booktitle={Proceedings of SPIE 5096: Signal Processing, Sensor Fusion, and Target Recognition XII},
  pages={291--299},
  year={2003}
}

@book{bar1995multitarget,
  title={Multitarget-Multisensor Tracking: Principles and Techniques},
  author={Bar-Shalom, Yaakov and Li, Xiao-Rong},
  publisher={YBS Publishing},
  address={Storrs, CT},
  year={1995}
}

@book{ristic2004beyond,
  title={Beyond the Kalman Filter: Particle Filters for Tracking Applications},
  author={Ristic, Branko and Arulampalam, Sanjeev and Gordon, Neil James},
  year={2004},
  publisher={Artech House},
  address={Boston, MA}
}

@article{quan2013neurogps,
  title={{NeuroGPS}: automated localization of neurons for brain circuits using {L1} minimization model},
  author={Quan, Tingwei and Zheng, Ting and Yang, Zhongqing and Ding, Wenxiang and Li, Shiwei and Li, Jing and Zhou, Hang and Luo, Qingming and Gong, Hui and Zeng, Shaoqun},
  journal={Scientific Reports},
  volume={3},
  number={1414},
  year={2013},
  publisher={Nature Publishing Group}
}

@article{quan2015neurogps,
  author = {Quan, Tingwei and Zhou, Hang and Li, Jing and Li, Shiwei and Li, Anan and Li, Yuxin and Lv, Xiaohua and Luo, Qingming and Gong, Hui and Zeng, Shaoqun},
  title = {{NeuroGPS-Tree}: automatic reconstruction of large-scale neuronal populations with dense neurites},
  journal = {Nature Methods},
  year = {2016},
  volume = {13},
  pages = {51-54},
  number = {1},
  doi = {10.1038/nmeth.3662},
  pmid = {26595210}
}


@book{mahler2000introduction,
  title={An Introduction to Multisource-Multitarget Statistics and Applications},
  author={Mahler, Ronald P S},
  year={2000},
  publisher={Lockheed Martin},
  address={Bethesda, MD}
}

@article{mahler2003multitarget,
  title={Multitarget {B}ayes filtering via first-order multitarget moments},
  author={Mahler, Ronald P S},
  journal={IEEE Transactions on Aerospace and Electronic Systems},
  volume={39},
  number={4},
  pages={1152--1178},
  year={2003},
  publisher={IEEE}
}

@article{vo2006gaussian,
  title={The {G}aussian mixture probability hypothesis density filter},
  author={Vo, Ba-Ngu and Ma, Wing-Kin},
  journal={IEEE Transactions on Signal Processing},
  volume={54},
  number={11},
  pages={4091--4104},
  year={2006},
  publisher={IEEE}
}

@article{doucet2000sequential,
  title={On sequential {M}onte {C}arlo sampling methods for {B}ayesian filtering},
  author={Doucet, Arnaud and Godsill, Simon and Andrieu, Christophe},
  journal={Statistics and Computing},
  volume={10},
  number={3},
  pages={197--208},
  year={2000},
  publisher={Springer}
}

@book{daley2007introduction,
  title={An Introduction to the Theory of Point Processes. Volume II: General Theory and Structure},
  author={Daley, Daryl J and Vere-Jones, David},
  year={2008},
  publisher={Springer Science \& Business Media},
  address={New York, NY}
}

@article{tobias2005probability,
  title={Probability hypothesis density-based multitarget tracking with bistatic range and Doppler observations},
  author={Tobias, Martin and Lanterman, Aaron D},
  journal={IEE Proceedings - Radar, Sonar and Navigation},
  volume={152},
  number={3},
  pages={195--205},
  year={2005}
}

@article{kitagawa1996monte,
  title={{Monte Carlo} filter and smoother for non-{G}aussian nonlinear state space models},
  author={Kitagawa, Genshiro},
  journal={Journal of Computational and Graphical Statistics},
  volume={5},
  number={1},
  pages={1--25},
  year={1996},
  publisher={Taylor \& Francis}
}

@Article{cheng1995mean,
  Title                    = {Mean shift, mode seeking, and clustering},
  Author                   = {Cheng, Yizong},
  Journal                  = {IEEE Transactions on Pattern Analysis and Machine Intelligence},
  Year                     = {1995},
  Number                   = {8},
  Pages                    = {790--799},
  Volume                   = {17},
  Publisher                = {IEEE}
}

@article{peng2010v3d,
  title={{V3D} enables real-time {3D} visualization and quantitative analysis of large-scale biological image data sets},
  author={Peng, Hanchuan and Ruan, Zongcai and Long, Fuhui and Simpson, Julie H and Myers, Eugene W},
  journal={Nature Biotechnology},
  volume={28},
  number={4},
  pages={348--353},
  year={2010},
  publisher={Nature Publishing Group}
}

@book{ascoli2002computational,
  title={Computational Neuroanatomy: Principles and Methods},
  author={Ascoli, Giorgio A},
  year={2002},
  address={Totowa, NJ},
  publisher={Humana Press}
}

@article{ascoli2007neuromorpho,
  title={{NeuroMorpho.Org}: a central resource for neuronal morphologies},
  author={Ascoli, Giorgio A and Donohue, Duncan E and Halavi, Maryam},
  journal={Journal of Neuroscience},
  volume={27},
  number={35},
  pages={9247--9251},
  year={2007},
  publisher={Soc Neuroscience}
}

@article{svoboda2011past,
  title={The past, present, and future of single neuron reconstruction},
  author={Svoboda, Karel},
  journal={Neuroinformatics},
  volume={9},
  number={2-3},
  pages={97--98},
  year={2011},
  publisher={Springer Science \& Business Media}
}

@article{senft2011brief,
  title={A brief history of neuronal reconstruction},
  author={Senft, Stephen L},
  journal={Neuroinformatics},
  volume={9},
  number={2},
  pages={119--128},
  year={2011},
  publisher={Springer}
}

@article{halavi2012digital,
  title={Digital reconstructions of neuronal morphology: three decades of research trends},
  author={Halavi, Maryam and Hamilton, Kelly A and Parekh, Ruchi and Ascoli, Giorgio A},
  journal={Frontiers in Neuroscience},
  volume={6},
  number={49},
  pages={1--11},
  year={2012},
  publisher={Citeseer}
}

@inproceedings{basu2010tree2tree,
  title={Tree2Tree: Neuron segmentation for generation of neuronal morphology},
  author={Basu, Saurav and Aksel, Alla and Condron, Barry and Acton, Scott T},
  booktitle={Biomedical Imaging: From Nano to Macro, 2010 IEEE International Symposium on},
  pages={548--551},
  year={2010},
  organization={IEEE}
}

@inproceedings{mukherjee2013vector,
  title={Vector field convolution medialness applied to neuron tracing},
  author={Mukherjee, Sayan and Acton, Scott T},
  booktitle={Proceedings of the IEEE International Conference on Image Processing},
  pages={665--669},
  year={2013}
}

%@article{yang2013distance,
%  title={A distance-field based automatic neuron tracing method},
%  author={Yang, Jinzhu and Gonzalez-Bellido, Paloma T and Peng, Hanchuan},
%  journal={BMC Bioinformatics},
%  volume={14},
%  number={93},
%  year={2013},
%  publisher={BioMed Central}
%}

@Article{yang2013distance,
author="Yang, Jinzhu
and Gonzalez-Bellido, Paloma T.
and Peng, Hanchuan",
title="A distance-field based automatic neuron tracing method",
journal="BMC Bioinformatics",
year="2013",
volume="14",
number="1",
pages="93",
abstract="Automatic 3D digital reconstruction (tracing) of neurons embedded in noisy microscopic images is challenging, especially when the cell morphology is complex.",
issn="1471-2105",
doi="10.1186/1471-2105-14-93",
url="http://dx.doi.org/10.1186/1471-2105-14-93"
}





@article{peng2011automatic,
  title={Automatic {3D} neuron tracing using all-path pruning},
  author={Peng, Hanchuan and Long, Fuhui and Myers, Gene},
  journal={Bioinformatics},
  volume={27},
  number={13},
  pages={i239--i247},
  year={2011},
  publisher={Oxford Univ Press}
}

@article{peng2010automatic,
  title={Automatic reconstruction of {3D} neuron structures using a graph-augmented deformable model},
  author={Peng, Hanchuan and Ruan, Zongcai and Atasoy, Deniz and Sternson, Scott},
  journal={Bioinformatics},
  volume={26},
  number={12},
  pages={i38--i46},
  year={2010},
  publisher={Oxford Univ Press}
}

@incollection{basu2013stochastic,
  title={A stochastic model for automatic extraction of 3d neuronal morphology},
  author={Basu, Sreetama and Kulikova, Maria and Zhizhina, Elena and Ooi, Wei Tsang and Racoceanu, Daniel},
  booktitle={Medical Image Computing and Computer-Assisted Intervention--MICCAI 2013},
  pages={396--403},
  year={2013},
  publisher={Springer}
}

@Article{wang2012statistical,
  Title                    = {Statistical tracking of tree-like tubular structures with efficient branching detection in {3D} medical image data},
  Author                   = {Wang, X and Heimann, T and Lo, P and Sumkauskaite, M and Puderbach, M and de Bruijne, Marleen and Meinzer, HP and Wegner, I},
  Journal                  = {Physics in Medicine and Biology},
  Year                     = {2012},
  Number                   = {16},
  Pages                    = {5325},
  Volume                   = {57},
  Publisher                = {IOP Publishing}
}

@ARTICLE{Basu-2013,
  author = {S. Basu and B. Condron and A. Aksel and S. Acton},
  title = {Segmentation and tracing of single neurons from {3D} confocal microscope images},
  journal = {IEEE Journal of Biomedical and Health Informatics},
  year = {2013},
  volume = {17},
  pages = {319-335},
  number = {2},
  month = MAR,
  doi = {10.1109/TITB.2012.2209670},
  pmid = {22835569}
}

@ARTICLE{Radojevic-2016,
  author = {Radojevi{\'c}, Miroslav and Smal, Ihor and Meijering, Erik},
  title = {Fuzzy-logic based detection and characterization of junctions and terminations in fluorescence microscopy images of neurons},
  journal = {Neuroinformatics},
  year = {2016},
  volume = {14},
  pages = {201-219},
  number = {2},
  doi = {10.1007/s12021-015-9287-0},
  pmid = {26701809}
}

@ARTICLE{Peng-2015,
  author = {Peng, Hanchuan and Hawrylycz, Michael and Roskams, Jane and Hill, Sean and Spruston, Nelson and Meijering, Erik and Ascoli, Giorgio A.},
  title = {{BigNeuron}: large-scale {3D} neuron reconstruction from optical microscopy images},
  journal = {Neuron},
  year = {2015},
  volume = {87},
  pages = {252-256},
  number = {2},
  doi = {10.1016/j.neuron.2015.06.036},
  pmid = {26182412}
}

@ARTICLE{Lu-2015,
  author = {Y. Lu and L. Carin and R. Coifman and W. Shain and B. Roysam},
  title = {Quantitative arbor analytics: unsupervised harmonic co-clustering of populations of brain cell arbors based on {L}-measure},
  journal = {Neuroinformatics},
  year = {2015},
  volume = {13},
  pages = {47-63},
  number = {1},
  doi = {10.1007/s12021-014-9237-2},
  pmid = {25086878}
}

@ARTICLE{De-2016,
  author = {De, Jaydeep and Cheng, Li and Zhang, Xiaowei and Lin, Feng and Li, Huiqi and Ong, Kok Haur and Yu, Weimiao and Yu, Yuanhong and Ahmed, Sohail},
  title = {A graph-theoretical approach for tracing filamentary structures in neuronal and retinal images},
  journal = {IEEE Transactions on Medical Imaging},
  year = {2016},
  volume = {35},
  pages = {257-272},
  number = {1},
  doi = {10.1109/TMI.2015.2465962},
  pmid = {26316029}
}

@ARTICLE{Jimenez-2015,
  author = {Jim{\'e}nez, David and Labate, Demetrio and Kakadiaris, Ioannis A. and Papadakis, Manos},
  title = {Improved automatic centerline tracing for dendritic and axonal structures},
  journal = {Neuroinformatics},
  year = {2015},
  volume = {13},
  pages = {227-244},
  number = {2},
  doi = {10.1007/s12021-014-9256-z},
  pmid = {25433514}
}

@ARTICLE{Wearne-2005,
  author = {S. L. Wearne and A. Rodriguez and D. B. Ehlenberger and A. B. Rocher and S. C. Henderson and P. R. Hof},
  title = {New techniques for imaging, digitization and analysis of three-dimensional neural morphology on multiple scales},
  journal = {Neuroscience},
  year = {2005},
  volume = {136},
  pages = {661-680},
  number = {3},
  doi = {10.1016/j.neuroscience.2005.05.053}
}

@ARTICLE{Santamaria-2015,
  author = {Santamar{\'i}a-Pang, Alberto and Hernandez-Herrera, Paul and Papadakis, Manos and Saggau, Peter and Kakadiaris, Ioannis A.},
  title = {Automatic morphological reconstruction of neurons from multiphoton and confocal microscopy images using {3D} tubular models},
  journal = {Neuroinformatics},
  year = {2015},
  volume = {13},
  pages = {297-320},
  number = {3},
  doi = {10.1007/s12021-014-9253-2},
  pmid = {25631538}
}

@ARTICLE{Uzunbas-2015,
  author = {Uzunbas, Mustafa Gokhan and Chen, Chao and Metaxas, Dimitris},
  title = {An efficient conditional random field approach for automatic and interactive neuron segmentation},
  journal = {Medical Image Analysis},
  year = {2015},
  volume = {27},
  pages = {31-44},
  number = {1},
  doi = {10.1016/j.media.2015.06.003},
  pmid = {26210001}
}

@ARTICLE{Choromanska-2012,
  author = {A. Choromanska and S.-F. Chang and R. Yuste},
  title = {Automatic reconstruction of neural morphologies with multi-scale tracking},
  journal = {Frontiers in Neural Circuits},
  year = {2012},
  volume = {6},
  pages = {1-13},
  number = {25},
  doi = {10.3389/fncir.2012.00025},
  pmid = {22754498}
}

@ARTICLE{Luo-2015,
  author = {Luo, Gongning and Sui, Dong and Wang, Kuanquan and Chae, Jinseok},
  title = {Neuron anatomy structure reconstruction based on a sliding filter},
  journal = {BMC Bioinformatics},
  year = {2015},
  volume = {16},
  pages = {342},
  doi = {10.1186/s12859-015-0780-0},
  pmid = {26498293}
}

@ARTICLE{Bas-2011,
  author = {E. Bas and D. Erdogmus},
  title = {Principal curves as skeletons of tubular objects: locally characterizing the structures of axons},
  journal = {Neuroinformatics},
  year = {2011},
  volume = {9},
  pages = {181-191},
  number = {2-3},
  doi = {10.1007/s12021-011-9105-2},
  pmid = {21336847}
}

@ARTICLE{Narayanaswamy-2011,
  author = {A. Narayanaswamy and Y. Wang and B. Roysam},
  title = {{3-D} image pre-processing algorithms for improved automated tracing of neuronal arbors},
  journal = {Neuroinformatics},
  year = {2011},
  volume = {9},
  pages = {219-231},
  number = {2-3},
  doi = {10.1007/s12021-011-9116-z},
  pmid = {21537877}
}

@ARTICLE{Rodriguez-2009,
  author = {A. Rodriguez and D. B. Ehlenberger and P. R. Hof and S. L. Wearne},
  title = {Three-dimensional neuron tracing by voxel scooping},
  journal = {Journal of Neuroscience Methods},
  year = {2009},
  volume = {184},
  pages = {169-175},
  number = {1},
  doi = {10.1016/j.jneumeth.2009.07.021},
  pmid = {19632273}
}

@ARTICLE{Al-Kofahi-2008,
  author = {Y. Al-Kofahi and N. Dowell-Mesfin and C. Pace and W. Shain and J. N. Turner and B. Roysam},
  title = {Improved detection of branching points in algorithms for automated neuron tracing from {3D} confocal images},
  journal = {Cytometry Part A},
  year = {2008},
  volume = {73},
  pages = {36-43},
  number = {1},
  doi = {10.1002/cyto.a.20499},
  pmid = {18067123}
}

@ARTICLE{Zhang-2007,
  author = {Y. Zhang and X. Zhou and A. Degterev and M. Lipinski and D. Adjeroh and J. Yuan and S. T. C. Wong},
  title = {Automated neurite extraction using dynamic programming for high-throughput screening of neuron-based assays},
  journal = {NeuroImage},
  year = {2007},
  volume = {35},
  pages = {1502-1515},
  number = {4},
  doi = {10.1016/j.neuroimage.2007.01.014},
  pmid = {17363284}
}

@ARTICLE{Cai-2006,
  author = {H. Cai and X. Xu and J. Lu and J. W. Lichtman and S. P. Yung and S. T. C. Wong},
  title = {Repulsive force based snake model to segment and track neuronal axons in {3D} microscopy image stacks},
  journal = {NeuroImage},
  year = {2006},
  volume = {32},
  pages = {1608-1620},
  number = {4},
  doi = {10.1016/j.neuroimage.2006.05.036},
  pmid = {16861006}
}

@ARTICLE{Wang-2008,
  author = {Ya-Dong Wang and Jian-Kang Wu and Ashraf A. Kassim and Weimin Huang},
  title = {Data-driven probability hypothesis density filter for visual tracking},
  journal = {IEEE Transactions on Circuits and Systems for Video Technology},
  year = {2008},
  volume = {18},
  pages = {1085-1095},
  number = {8}
}

@ARTICLE{Schlangen-2016,
  author = {Isabel Schlangen and J. Franco and J. Houssineau and William T. E. Pitkeathly and Daniel Clark and Ihor Smal and Colin Rickman},
  title = {Marker-less stage drift correction in super-resolution microscopy using the single-cluster {PHD} filter},
  journal = {IEEE Journal of Selected Topics in Signal Processing},
  year = {2016},
  volume = {10},
  pages = {193-202},
  number = {1},
  doi = {10.1109/JSTSP.2015.2506402}
}

@ARTICLE{Wood-2012,
  author = {Trevor M. Wood and Christian A. Yates and David A. Wilkinson and Gabriel Rosser},
  title = {Simplified multitarget tracking using the {PHD} filter for microscopic video data},
  journal = {IEEE Transactions on Circuits and Systems for Video Technology},
  year = {2012},
  volume = {22},
  pages = {702-713},
  number = {5},
  doi = {10.1109/TCSVT.2011.2177937}
}

@ARTICLE{Meijering-2004,
  author = {E. Meijering and M. Jacob and J.-C. F. Sarria and P. Steiner and H. Hirling and M. Unser},
  title = {Design and validation of a tool for neurite tracing and analysis in fluorescence microscopy images},
  journal = {Cytometry Part A},
  year = {2004},
  volume = {58},
  pages = {167-176},
  number = {2},
  doi = {10.1002/cyto.a.20022}
}

@article{basu2016neurite,
  title={Neurite tracing with object process},
  author={Basu, Sreetama and Ooi, Wei Tsang and Racoceanu, Daniel},
  journal={IEEE Transactions on Medical Imaging},
  volume={35},
  number={6},
  pages={1443--1451},
  year={2016},
  publisher={IEEE}
}

@article{liu2016rivulet,
  author = {Liu, Siqi and Zhang, Donghao and Liu, Sidong and Feng, Dagan and Peng, Hanchuan and Cai, Weidong},
  title = {Rivulet: {3D} neuron morphology tracing with iterative back-tracking},
  journal = {Neuroinformatics},
  year = {2016},
  volume = {14},
  pages = {387-401},
  number = {4},
  doi = {10.1007/s12021-016-9302-0},
  pmid = {27184384}
}

@article{mukherjee2015tubularity,
  title={Tubularity flow field---a technique for automatic neuron segmentation},
  author={Mukherjee, Suvadip and Condron, Barry and Acton, Scott T},
  journal={IEEE Transactions on Image Processing},
  volume={24},
  number={1},
  pages={374--389},
  year={2015},
  publisher={IEEE}
}

@article{acciai2016automated,
  title={Automated neuron tracing methods: an updated account},
  author={Acciai, Ludovica and Soda, Paolo and Iannello, Giulio},
  journal={Neuroinformatics},
  volume={14},
  number={4},
  pages={353--367},
  year={2016},
  publisher={Springer}
}